<?xml version="1.0" encoding="UTF-8"?>
<marc:collection xmlns:marc="http://www.loc.gov/MARC21/slim"><marc:record><marc:leader>00494nrm a2200157 a 4500</marc:leader><marc:controlfield tag="005">20250918120050.0</marc:controlfield><marc:controlfield tag="008">250822|2015||||xx ||| |     ||   r|   |d</marc:controlfield><marc:controlfield tag="001">990036760400409161</marc:controlfield><marc:datafield tag="035" ind1=" " ind2=" "><marc:subfield code="a">(RUG01)003676040</marc:subfield></marc:datafield><marc:datafield tag="040" ind1=" " ind2=" "><marc:subfield code="a">BE-GnUNI</marc:subfield></marc:datafield><marc:datafield tag="100" ind1="1" ind2=" "><marc:subfield code="a">Cassiers, Paul,</marc:subfield><marc:subfield code="d">1965-2025</marc:subfield><marc:subfield code="0">(ugent)802000954979</marc:subfield><marc:subfield code="0">(viaf)0</marc:subfield></marc:datafield><marc:datafield tag="245" ind1="1" ind2="0"><marc:subfield code="k">[object]</marc:subfield><marc:subfield code="a">De CatalOD-mobiel.</marc:subfield></marc:datafield><marc:datafield tag="260" ind1=" " ind2=" "><marc:subfield code="c">2015.</marc:subfield></marc:datafield><marc:datafield tag="520" ind1=" " ind2=" "><marc:subfield code="a">lLabelopenafrollenaar voor in het Ondergronds Depot van de Boekentoren in Gent.</marc:subfield></marc:datafield><marc:datafield tag="591" ind1=" " ind2=" "><marc:subfield code="a">Bijzondere collecties</marc:subfield></marc:datafield><marc:datafield tag="920" ind1=" " ind2=" "><marc:subfield code="a">realia</marc:subfield></marc:datafield></marc:record>