<marc:record><marc:leader>00674nam a2200193 a 4500</marc:leader><marc:controlfield tag="005">20250918115207.0</marc:controlfield><marc:controlfield tag="008">250822s1873    xx |||||r|||||||| ||fre|d</marc:controlfield><marc:controlfield tag="001">990036760280409161</marc:controlfield><marc:datafield tag="035" ind1=" " ind2=" "><marc:subfield code="a">(RUG01)003676028</marc:subfield></marc:datafield><marc:datafield tag="035" ind1=" " ind2=" "><marc:subfield code="a">(BKT01)000305513</marc:subfield></marc:datafield><marc:datafield tag="040" ind1=" " ind2=" "><marc:subfield code="a">BE-GnUNI</marc:subfield></marc:datafield><marc:datafield tag="245" ind1="0" ind2="0"><marc:subfield code="k">[catalog]</marc:subfield><marc:subfield code="a">Catalogue méthodique de la Bibliothèque Communale de la ville d&apos;Amiens :</marc:subfield><marc:subfield code="b">polygraphie - histoire littéraire - bibliographie.</marc:subfield></marc:datafield><marc:datafield tag="260" ind1=" " ind2=" "><marc:subfield code="a">Amiens :</marc:subfield><marc:subfield code="b">Imprimerie Yvert,</marc:subfield><marc:subfield code="c">1873.</marc:subfield></marc:datafield><marc:datafield tag="300" ind1=" " ind2=" "><marc:subfield code="a">255 p.</marc:subfield></marc:datafield><marc:datafield tag="540" ind1=" " ind2=" "><marc:subfield code="a">NOC-NC</marc:subfield></marc:datafield><marc:datafield tag="591" ind1=" " ind2=" "><marc:subfield code="a">Europeana-GoogleBooks</marc:subfield></marc:datafield><marc:datafield tag="655" ind1=" " ind2="7"><marc:subfield code="a">Catalogs.</marc:subfield><marc:subfield code="2">UGENTSC</marc:subfield></marc:datafield><marc:datafield tag="856" ind1="4" ind2=" "><marc:subfield code="u">https://books.google.be/books?vid=GENT900000029428</marc:subfield><marc:subfield code="3">Full text</marc:subfield><marc:subfield code="y">BIB.HIST.000048</marc:subfield></marc:datafield><marc:datafield tag="920" ind1=" " ind2=" "><marc:subfield code="a">catalog</marc:subfield></marc:datafield></marc:record>