<marc:record><marc:leader>00752nam a2200205 a 4500</marc:leader><marc:controlfield tag="005">20250918115206.0</marc:controlfield><marc:controlfield tag="008">250822|18561857xx |||||r|||||||| ||fre|d</marc:controlfield><marc:controlfield tag="001">990036760240409161</marc:controlfield><marc:datafield tag="035" ind1=" " ind2=" "><marc:subfield code="a">(RUG01)003676024</marc:subfield></marc:datafield><marc:datafield tag="035" ind1=" " ind2=" "><marc:subfield code="a">(BKT01)000305513</marc:subfield></marc:datafield><marc:datafield tag="040" ind1=" " ind2=" "><marc:subfield code="a">BE-GnUNI</marc:subfield></marc:datafield><marc:datafield tag="245" ind1="0" ind2="0"><marc:subfield code="k">[catalog]</marc:subfield><marc:subfield code="a">Catalogue méthodique de la Bibliothèque Communale de la ville d&apos;Amiens :</marc:subfield><marc:subfield code="b">histoire.</marc:subfield></marc:datafield><marc:datafield tag="260" ind1=" " ind2=" "><marc:subfield code="a">Amiens :</marc:subfield><marc:subfield code="b">Imprimerie de Duval et Herment,</marc:subfield><marc:subfield code="c">1856-1857.</marc:subfield></marc:datafield><marc:datafield tag="300" ind1=" " ind2=" "><marc:subfield code="a">2 v.</marc:subfield></marc:datafield><marc:datafield tag="540" ind1=" " ind2=" "><marc:subfield code="a">NOC-NC</marc:subfield></marc:datafield><marc:datafield tag="591" ind1=" " ind2=" "><marc:subfield code="a">Europeana-GoogleBooks</marc:subfield></marc:datafield><marc:datafield tag="655" ind1=" " ind2="7"><marc:subfield code="a">Catalogs.</marc:subfield><marc:subfield code="2">UGENTSC</marc:subfield></marc:datafield><marc:datafield tag="856" ind1="4" ind2=" "><marc:subfield code="u">https://books.google.be/books?vid=GENT900000029421</marc:subfield><marc:subfield code="3">Full text v.1</marc:subfield><marc:subfield code="y">BIB.HIST.000048</marc:subfield></marc:datafield><marc:datafield tag="856" ind1="4" ind2=" "><marc:subfield code="u">https://books.google.be/books?vid=GENT900000029422</marc:subfield><marc:subfield code="3">Full text v.2</marc:subfield><marc:subfield code="y">BIB.HIST.000048</marc:subfield></marc:datafield><marc:datafield tag="920" ind1=" " ind2=" "><marc:subfield code="a">catalog</marc:subfield></marc:datafield></marc:record>