<marc:record><marc:leader>00857nam a2200205 a 4500</marc:leader><marc:controlfield tag="005">20250918232135.0</marc:controlfield><marc:controlfield tag="008">250822|19511953xx |||||r|||||||| ||fre|d</marc:controlfield><marc:controlfield tag="001">990036760210409161</marc:controlfield><marc:datafield tag="035" ind1=" " ind2=" "><marc:subfield code="a">(RUG01)003676021</marc:subfield></marc:datafield><marc:datafield tag="040" ind1=" " ind2=" "><marc:subfield code="a">BE-GnUNI</marc:subfield></marc:datafield><marc:datafield tag="100" ind1="1" ind2=" "><marc:subfield code="a">Géroudet, Paul,</marc:subfield><marc:subfield code="d">1917-2006</marc:subfield><marc:subfield code="0">(viaf)27065115</marc:subfield></marc:datafield><marc:datafield tag="245" ind1="1" ind2="4"><marc:subfield code="a">Les passereaux et ordres apparentés /</marc:subfield><marc:subfield code="c">Paul Géroudet ; aquarelles de Léo-Paul Robert ; dessins de Robert Hainard et Manfred Reichel.</marc:subfield></marc:datafield><marc:datafield tag="260" ind1=" " ind2=" "><marc:subfield code="a">Neuchâtel :</marc:subfield><marc:subfield code="b">Delachaux et Niestlé,</marc:subfield><marc:subfield code="c">1951-1953.</marc:subfield></marc:datafield><marc:datafield tag="300" ind1=" " ind2=" "><marc:subfield code="a">3 v.</marc:subfield></marc:datafield><marc:datafield tag="490" ind1="0" ind2=" "><marc:subfield code="a">Les bautés de la nature. La vie des oiseaux</marc:subfield></marc:datafield><marc:datafield tag="505" ind1="0" ind2=" "><marc:subfield code="a">1. Du coucou aux corvidés ; 2. Des mésanges aux fauvettes ; 3. Des gobemouches aux bruants</marc:subfield></marc:datafield><marc:datafield tag="700" ind1="1" ind2=" "><marc:subfield code="a">Robert, Léo-Paul,</marc:subfield><marc:subfield code="d">....-</marc:subfield><marc:subfield code="0">(viaf)</marc:subfield></marc:datafield><marc:datafield tag="700" ind1="1" ind2=" "><marc:subfield code="a">Hainard, Robert,</marc:subfield><marc:subfield code="d">1906-1999</marc:subfield><marc:subfield code="0">(viaf)41841172</marc:subfield></marc:datafield><marc:datafield tag="700" ind1="1" ind2=" "><marc:subfield code="a">Reichel, Manfred,</marc:subfield><marc:subfield code="d">1896-1984</marc:subfield><marc:subfield code="0">(viaf)35207326</marc:subfield></marc:datafield><marc:datafield tag="920" ind1=" " ind2=" "><marc:subfield code="a">book</marc:subfield></marc:datafield></marc:record>