<marc:record><marc:leader>00676nam a2200193 a 4500</marc:leader><marc:controlfield tag="005">20250918232133.0</marc:controlfield><marc:controlfield tag="008">250822|1946||||xx |||||r|||||||| ||eng|d</marc:controlfield><marc:controlfield tag="001">990036760200409161</marc:controlfield><marc:datafield tag="035" ind1=" " ind2=" "><marc:subfield code="a">(RUG01)003676020</marc:subfield></marc:datafield><marc:datafield tag="040" ind1=" " ind2=" "><marc:subfield code="a">BE-GnUNI</marc:subfield></marc:datafield><marc:datafield tag="100" ind1="1" ind2=" "><marc:subfield code="a">Pough, Richard Hooper,</marc:subfield><marc:subfield code="d">1904-2003</marc:subfield><marc:subfield code="0">(viaf)48816188</marc:subfield></marc:datafield><marc:datafield tag="245" ind1="1" ind2="0"><marc:subfield code="a">Audubon bird guide :</marc:subfield><marc:subfield code="b">Eastern land birds /</marc:subfield><marc:subfield code="c">by Richard H. Pough ; with illustrations by Don Eckelberry.</marc:subfield></marc:datafield><marc:datafield tag="260" ind1=" " ind2=" "><marc:subfield code="a">Garden City (N.Y.) :</marc:subfield><marc:subfield code="b">Doubleday,</marc:subfield><marc:subfield code="c">1946.</marc:subfield></marc:datafield><marc:datafield tag="300" ind1=" " ind2=" "><marc:subfield code="a">Xxxvii, 312 p. : Ill.</marc:subfield></marc:datafield><marc:datafield tag="650" ind1=" " ind2="4"><marc:subfield code="a">Birds</marc:subfield><marc:subfield code="x">Identification.</marc:subfield></marc:datafield><marc:datafield tag="650" ind1=" " ind2="4"><marc:subfield code="a">Birds</marc:subfield><marc:subfield code="z">North America.</marc:subfield></marc:datafield><marc:datafield tag="700" ind1="1" ind2=" "><marc:subfield code="a">Eckelberry, Don,</marc:subfield><marc:subfield code="d">1922-2001</marc:subfield><marc:subfield code="0">(viaf)91371722</marc:subfield></marc:datafield><marc:datafield tag="710" ind1="2" ind2=" "><marc:subfield code="a">National Audubon society</marc:subfield></marc:datafield><marc:datafield tag="920" ind1=" " ind2=" "><marc:subfield code="a">book</marc:subfield></marc:datafield></marc:record>