<marc:record><marc:leader>00603nam a2200169 a 4500</marc:leader><marc:controlfield tag="005">20250918232134.0</marc:controlfield><marc:controlfield tag="008">250822|2025||||xx |||||r|||||||| ||eng|d</marc:controlfield><marc:controlfield tag="001">990036760190409161</marc:controlfield><marc:datafield tag="035" ind1=" " ind2=" "><marc:subfield code="a">(RUG01)003676019</marc:subfield></marc:datafield><marc:datafield tag="040" ind1=" " ind2=" "><marc:subfield code="a">BE-GnUNI</marc:subfield></marc:datafield><marc:datafield tag="100" ind1="1" ind2=" "><marc:subfield code="a">Benaouisse, Ben,</marc:subfield><marc:subfield code="d">1971-</marc:subfield><marc:subfield code="0">(viaf)103661247</marc:subfield><marc:subfield code="4">aut</marc:subfield></marc:datafield><marc:datafield tag="245" ind1="1" ind2="0"><marc:subfield code="a">Arabo-European mythology /</marc:subfield><marc:subfield code="c">Ben Benaouisse.</marc:subfield></marc:datafield><marc:datafield tag="260" ind1=" " ind2=" "><marc:subfield code="a">Gent :</marc:subfield><marc:subfield code="b">Benaouisse,</marc:subfield><marc:subfield code="c">2025.</marc:subfield></marc:datafield><marc:datafield tag="300" ind1=" " ind2=" "><marc:subfield code="a">37 p.: ill.</marc:subfield></marc:datafield><marc:datafield tag="490" ind1="0" ind2=" "><marc:subfield code="a">Revue, een tijdschrift zonder naam</marc:subfield><marc:subfield code="v">no.0 (april 2025)</marc:subfield></marc:datafield><marc:datafield tag="500" ind1=" " ind2=" "><marc:subfield code="a">Revue, een tijdschrift zonder naam is een tijdschrift uitgegeven door de Gentse kunstenaar Ben Benaouisse</marc:subfield></marc:datafield><marc:datafield tag="920" ind1=" " ind2=" "><marc:subfield code="a">book</marc:subfield></marc:datafield></marc:record>