<marc:record><marc:leader>00799cam a2200241 c 4500</marc:leader><marc:controlfield tag="005">20250918232134.0</marc:controlfield><marc:controlfield tag="008">250820s2025    it ||||||    |00| ||ita|c</marc:controlfield><marc:controlfield tag="001">990036760150409161</marc:controlfield><marc:datafield tag="020" ind1=" " ind2=" "><marc:subfield code="a">9788834358917</marc:subfield><marc:subfield code="q">9788834358917</marc:subfield></marc:datafield><marc:datafield tag="035" ind1=" " ind2=" "><marc:subfield code="a">(RUG01)003676015</marc:subfield></marc:datafield><marc:datafield tag="035" ind1=" " ind2=" "><marc:subfield code="a">(DE-627)1933606851</marc:subfield></marc:datafield><marc:datafield tag="035" ind1=" " ind2=" "><marc:subfield code="a">(DE-599)KXP1933606851</marc:subfield></marc:datafield><marc:datafield tag="040" ind1=" " ind2=" "><marc:subfield code="a">DE-627</marc:subfield><marc:subfield code="b">ger</marc:subfield><marc:subfield code="c">DE-627</marc:subfield><marc:subfield code="e">rda</marc:subfield></marc:datafield><marc:datafield tag="041" ind1=" " ind2=" "><marc:subfield code="a">ita</marc:subfield></marc:datafield><marc:datafield tag="044" ind1=" " ind2=" "><marc:subfield code="c">XA-IT</marc:subfield></marc:datafield><marc:datafield tag="100" ind1="1" ind2=" "><marc:subfield code="a">Lo Bello, Rosario Andrea,</marc:subfield><marc:subfield code="d">1975-</marc:subfield><marc:subfield code="0">(viaf)309641760</marc:subfield></marc:datafield><marc:datafield tag="245" ind1="1" ind2="0"><marc:subfield code="a">Logici eretici :</marc:subfield><marc:subfield code="b">Amalrico di Bène e gli Amalriciani nelle fonti del XIII secolo /</marc:subfield><marc:subfield code="c">Rosario Lo Bello.</marc:subfield></marc:datafield><marc:datafield tag="260" ind1=" " ind2=" "><marc:subfield code="a">Milano :</marc:subfield><marc:subfield code="b">Vita e Pensiero,</marc:subfield><marc:subfield code="c">[2025].</marc:subfield></marc:datafield><marc:datafield tag="264" ind1=" " ind2="1"><marc:subfield code="a">Milano :</marc:subfield><marc:subfield code="b">Vita e Pensiero,</marc:subfield><marc:subfield code="c">[2025].</marc:subfield></marc:datafield><marc:datafield tag="300" ind1=" " ind2=" "><marc:subfield code="a">289 p.: ill. ;</marc:subfield><marc:subfield code="c">22 cm.</marc:subfield></marc:datafield><marc:datafield tag="490" ind1="0" ind2=" "><marc:subfield code="a">Ricerche - storia. Dies nova</marc:subfield><marc:subfield code="v">8</marc:subfield></marc:datafield><marc:datafield tag="920" ind1=" " ind2=" "><marc:subfield code="a">book</marc:subfield></marc:datafield><marc:datafield tag="SID" ind1=" " ind2=" "><marc:subfield code="a">Z39</marc:subfield><marc:subfield code="b">K10PLUS</marc:subfield></marc:datafield></marc:record>