<marc:record><marc:leader>00803nam a2200169 a 4500</marc:leader><marc:controlfield tag="005">20250918232137.0</marc:controlfield><marc:controlfield tag="008">250821|18051812xx |||||r|||||||| ||fre|d</marc:controlfield><marc:controlfield tag="001">990036760140409161</marc:controlfield><marc:datafield tag="035" ind1=" " ind2=" "><marc:subfield code="a">(RUG01)003676014</marc:subfield></marc:datafield><marc:datafield tag="040" ind1=" " ind2=" "><marc:subfield code="a">BE-GnUNI</marc:subfield></marc:datafield><marc:datafield tag="245" ind1="0" ind2="0"><marc:subfield code="a">Band met diverse nummers van het tijdschrift Le journal des arts, des sciences et de la littérature/Journal des arts, des sciences, de littérature et de politique (nrs van de jaargangen 1805, 1808-1810, 1812).</marc:subfield></marc:datafield><marc:datafield tag="260" ind1=" " ind2=" "><marc:subfield code="a">Paris :</marc:subfield><marc:subfield code="b">Journal des arts, des sciences et de la littérature,</marc:subfield><marc:subfield code="c">1805-1812.</marc:subfield></marc:datafield><marc:datafield tag="500" ind1=" " ind2=" "><marc:subfield code="a">Nummers die niet aanwezig zijn in holding BIB.HIST.000043: v.3(1812)143-144,146,153-157,166</marc:subfield></marc:datafield><marc:datafield tag="540" ind1=" " ind2=" "><marc:subfield code="a">NOC-NC</marc:subfield></marc:datafield><marc:datafield tag="591" ind1=" " ind2=" "><marc:subfield code="a">Europeana-GoogleBooks</marc:subfield></marc:datafield><marc:datafield tag="856" ind1="4" ind2=" "><marc:subfield code="u">https://books.google.be/books?vid=GENT900000029406</marc:subfield><marc:subfield code="3">Full text</marc:subfield><marc:subfield code="y">BIB.HIST.000043/A</marc:subfield></marc:datafield><marc:datafield tag="920" ind1=" " ind2=" "><marc:subfield code="a">book</marc:subfield></marc:datafield></marc:record>