<marc:record><marc:leader>01478ntm a2200253 a 4500</marc:leader><marc:controlfield tag="005">20250930133512.0</marc:controlfield><marc:controlfield tag="008">250806s1379    be |||||||||||||| ||lat|d</marc:controlfield><marc:controlfield tag="001">990036760120409161</marc:controlfield><marc:datafield tag="035" ind1=" " ind2=" "><marc:subfield code="a">(RUG01)003676012</marc:subfield></marc:datafield><marc:datafield tag="040" ind1=" " ind2=" "><marc:subfield code="a">BE-GnUNI</marc:subfield></marc:datafield><marc:datafield tag="245" ind1="0" ind2="0"><marc:subfield code="a">Oorkonde waarin Geldolf van Winde, ridder, ook voor zijn nazaten, aan den Armendisch van &apos;t Begijnhof, te Diest, een momboir over het goed vergunt, dat onder zijn hof is gelegen, 1379, april.</marc:subfield></marc:datafield><marc:datafield tag="260" ind1=" " ind2=" "><marc:subfield code="c">1379.</marc:subfield></marc:datafield><marc:datafield tag="300" ind1=" " ind2=" "><marc:subfield code="a">1 f.</marc:subfield></marc:datafield><marc:datafield tag="340" ind1=" " ind2=" "><marc:subfield code="a">Perkament</marc:subfield></marc:datafield><marc:datafield tag="500" ind1=" " ind2=" "><marc:subfield code="a">Getransfixeerd aan andere oorkonde: Oorkonde waarin Geldolf van Winde, ridder, ook voor zijn nazaten, aan den Armendisch van &apos;t Begijnhof, te Diest, een momboir over het goed vergunt, dat onder zijn hof is gelegen, 1368, 16 februari.</marc:subfield></marc:datafield><marc:datafield tag="546" ind1=" " ind2=" "><marc:subfield code="a">Tekst in het Latijn.</marc:subfield></marc:datafield><marc:datafield tag="561" ind1=" " ind2=" "><marc:subfield code="a">Herkomst: Koninklijke Academie voor Nederlandse Taal- en Letterkunde 20/03/2024.</marc:subfield><marc:subfield code="3">BHSL.HS.5005</marc:subfield></marc:datafield><marc:datafield tag="581" ind1=" " ind2=" "><marc:subfield code="a">Inventaris der handschriften toebehorende aan de Koninklijke Vlaamsche Academie voor Taal- en Letterkunde, Verslagen en mededelingen van de Koninklijke Vlaamse Academie voor Taal- en Letterkunde (1899), p. 94. Hier opgenomen als handschrift 20.</marc:subfield></marc:datafield><marc:datafield tag="591" ind1=" " ind2=" "><marc:subfield code="a">Bijzondere collecties</marc:subfield></marc:datafield><marc:datafield tag="591" ind1=" " ind2=" "><marc:subfield code="a">Medieval manuscripts</marc:subfield></marc:datafield><marc:datafield tag="655" ind1=" " ind2="7"><marc:subfield code="a">Manuscripts.</marc:subfield><marc:subfield code="2">UGENTSC</marc:subfield></marc:datafield><marc:datafield tag="662" ind1=" " ind2=" "><marc:subfield code="a">België</marc:subfield><marc:subfield code="d">Diest</marc:subfield><marc:subfield code="0">(bpost)3290</marc:subfield><marc:subfield code="0">(tgn)7007874</marc:subfield></marc:datafield><marc:datafield tag="773" ind1="1" ind2="8"><marc:subfield code="g">pt:Deel BHSL.HS.5005: Oorkonde waarin Geldolf van Winde, ..., 1379, april.</marc:subfield><marc:subfield code="g">iss:01</marc:subfield><marc:subfield code="t">Onderdeel van BHSL.HS.5005</marc:subfield><marc:subfield code="w">990036760110409161</marc:subfield></marc:datafield><marc:datafield tag="920" ind1=" " ind2=" "><marc:subfield code="a">manuscript</marc:subfield></marc:datafield></marc:record>