<marc:record><marc:leader>01252ntm a2200217 a 4500</marc:leader><marc:controlfield tag="005">20250918120641.0</marc:controlfield><marc:controlfield tag="008">250806q17011800be |||||||||||||| ||dut|d</marc:controlfield><marc:controlfield tag="001">990036760100409161</marc:controlfield><marc:datafield tag="035" ind1=" " ind2=" "><marc:subfield code="a">(RUG01)003676010</marc:subfield></marc:datafield><marc:datafield tag="040" ind1=" " ind2=" "><marc:subfield code="a">BE-GnUNI</marc:subfield></marc:datafield><marc:datafield tag="100" ind1="1" ind2=" "><marc:subfield code="a">Wenceslaus</marc:subfield><marc:subfield code="b">I,</marc:subfield><marc:subfield code="c">Hertog van Luxemburg,</marc:subfield><marc:subfield code="d">1337-1383</marc:subfield><marc:subfield code="0">(viaf)25032343</marc:subfield></marc:datafield><marc:datafield tag="245" ind1="1" ind2="0"><marc:subfield code="a">Akte waarin Wenceslaus, hertog van Lotharingen, Brabant en Limburg, en Johanna zijn echtgenote, het houden van &quot;paenhusen ende taveernen&quot; verbieden bij den Nedermolen te Diest; zij verbieden, voor het vervolg, het brouwen en verkopen van drank op deze plaatsen, en waar de hertog en de heer van Diest gemeen recht oefenen, tenzij te Webbekom, 1357, 27 augustus. [kopie].</marc:subfield></marc:datafield><marc:datafield tag="260" ind1=" " ind2=" "><marc:subfield code="c">18e eeuw.</marc:subfield></marc:datafield><marc:datafield tag="300" ind1=" " ind2=" "><marc:subfield code="a">1 bl.</marc:subfield></marc:datafield><marc:datafield tag="340" ind1=" " ind2=" "><marc:subfield code="a">Papier</marc:subfield></marc:datafield><marc:datafield tag="546" ind1=" " ind2=" "><marc:subfield code="a">Tekst in het Nederlands.</marc:subfield></marc:datafield><marc:datafield tag="561" ind1=" " ind2=" "><marc:subfield code="3">BHSL.HS.5004</marc:subfield><marc:subfield code="a">Herkomst: Koninklijke Academie voor Nederlandse Taal- en Letterkunde 20/03/2024.</marc:subfield></marc:datafield><marc:datafield tag="581" ind1=" " ind2=" "><marc:subfield code="a">Inventaris der handschriften toebehorende aan de Koninklijke Vlaamsche Academie voor Taal- en Letterkunde, Verslagen en mededelingen van de Koninklijke Vlaamse Academie voor Taal- en Letterkunde (1899), p. 94. Hier opgenomen als handschrift 19.</marc:subfield></marc:datafield><marc:datafield tag="591" ind1=" " ind2=" "><marc:subfield code="a">Bijzondere collecties</marc:subfield></marc:datafield><marc:datafield tag="655" ind1=" " ind2="7"><marc:subfield code="a">Manuscripts.</marc:subfield><marc:subfield code="2">UGENTSC</marc:subfield></marc:datafield><marc:datafield tag="920" ind1=" " ind2=" "><marc:subfield code="a">manuscript</marc:subfield></marc:datafield></marc:record>