<marc:record><marc:leader>00506ngm a2200145 a 4500</marc:leader><marc:controlfield tag="005">20250918120641.0</marc:controlfield><marc:controlfield tag="008">250820|1998||||xx ||| |     ||   ||   |d</marc:controlfield><marc:controlfield tag="001">990036760080409161</marc:controlfield><marc:datafield tag="035" ind1=" " ind2=" "><marc:subfield code="a">(RUG01)003676008</marc:subfield></marc:datafield><marc:datafield tag="040" ind1=" " ind2=" "><marc:subfield code="a">BE-GnUNI</marc:subfield></marc:datafield><marc:datafield tag="100" ind1="1" ind2=" "><marc:subfield code="a">de Cervantes Saavedra, Miguel,</marc:subfield><marc:subfield code="d">1547-1616</marc:subfield><marc:subfield code="0">(viaf)17220427</marc:subfield></marc:datafield><marc:datafield tag="245" ind1="1" ind2="0"><marc:subfield code="a">Don Quijote de la Mancha :</marc:subfield><marc:subfield code="b">Guía de uso /</marc:subfield><marc:subfield code="c">Miguel de Cervantes; dir. por Francisco Rico.</marc:subfield></marc:datafield><marc:datafield tag="260" ind1=" " ind2=" "><marc:subfield code="a">Barcelona :</marc:subfield><marc:subfield code="b">Instituto Cervantes,</marc:subfield><marc:subfield code="c">1998.</marc:subfield></marc:datafield><marc:datafield tag="300" ind1=" " ind2=" "><marc:subfield code="a">1 CD-ROM + papieren bijlage.</marc:subfield></marc:datafield><marc:datafield tag="920" ind1=" " ind2=" "><marc:subfield code="a">multimedia</marc:subfield></marc:datafield></marc:record>