<marc:record><marc:leader>02564cam a22004577i 4500</marc:leader><marc:controlfield tag="005">20250918115205.0</marc:controlfield><marc:controlfield tag="008">180630t20182018be ach ||bc  |000 |deng|d</marc:controlfield><marc:controlfield tag="001">990036760050409161</marc:controlfield><marc:datafield tag="010" ind1=" " ind2=" "><marc:subfield code="a">2018429063</marc:subfield></marc:datafield><marc:datafield tag="020" ind1=" " ind2=" "><marc:subfield code="a">9789491819926</marc:subfield><marc:subfield code="q">hardcover</marc:subfield></marc:datafield><marc:datafield tag="020" ind1=" " ind2=" "><marc:subfield code="a">9491819925</marc:subfield><marc:subfield code="q">hardcover</marc:subfield></marc:datafield><marc:datafield tag="035" ind1=" " ind2=" "><marc:subfield code="a">(RUG01)003676005</marc:subfield></marc:datafield><marc:datafield tag="035" ind1=" " ind2=" "><marc:subfield code="a">20678410</marc:subfield></marc:datafield><marc:datafield tag="035" ind1=" " ind2=" "><marc:subfield code="a">(OCoLC)1042084489</marc:subfield></marc:datafield><marc:datafield tag="040" ind1=" " ind2=" "><marc:subfield code="a">ERASA</marc:subfield><marc:subfield code="b">eng</marc:subfield><marc:subfield code="c">ERASA</marc:subfield><marc:subfield code="d">YDX</marc:subfield><marc:subfield code="d">ZYU</marc:subfield><marc:subfield code="d">JPG</marc:subfield><marc:subfield code="d">OCLCF</marc:subfield><marc:subfield code="d">YDXIT</marc:subfield><marc:subfield code="d">MZA</marc:subfield><marc:subfield code="d">DLC</marc:subfield><marc:subfield code="e">rda</marc:subfield></marc:datafield><marc:datafield tag="041" ind1="0" ind2=" "><marc:subfield code="a">eng</marc:subfield><marc:subfield code="a">dut</marc:subfield></marc:datafield><marc:datafield tag="042" ind1=" " ind2=" "><marc:subfield code="a">lccopycat</marc:subfield></marc:datafield><marc:datafield tag="050" ind1="0" ind2="0"><marc:subfield code="a">N6973.C665</marc:subfield><marc:subfield code="b">A4 2018</marc:subfield></marc:datafield><marc:datafield tag="245" ind1="0" ind2="0"><marc:subfield code="a">Leo Copers :</marc:subfield><marc:subfield code="b">dreams are made of this /</marc:subfield><marc:subfield code="c">texts/teksten, Ory Dessau, Hilde Teerlinck, Philippe Van Cauteren.</marc:subfield></marc:datafield><marc:datafield tag="246" ind1="3" ind2="0"><marc:subfield code="a">Dreams are made of this</marc:subfield></marc:datafield><marc:datafield tag="264" ind1=" " ind2="1"><marc:subfield code="a">Antwerp :</marc:subfield><marc:subfield code="b">Ludion,</marc:subfield><marc:subfield code="c">[2018].</marc:subfield></marc:datafield><marc:datafield tag="264" ind1=" " ind2="4"><marc:subfield code="c">©2018</marc:subfield></marc:datafield><marc:datafield tag="300" ind1=" " ind2=" "><marc:subfield code="a">349 pages :</marc:subfield><marc:subfield code="b">illustrations (chiefly color), facsimile, portraits ;</marc:subfield><marc:subfield code="c">27 cm.</marc:subfield></marc:datafield><marc:datafield tag="500" ind1=" " ind2=" "><marc:subfield code="a">&quot;Text is a subjective account of a series of informal conversations between Hilde Teerlink and Leo Copers&quot;--Page [9].</marc:subfield></marc:datafield><marc:datafield tag="500" ind1=" " ind2=" "><marc:subfield code="a">Catalog of an exhibition held at SMAK, Ghent, Belgium, June 21-September 2, 2018.</marc:subfield></marc:datafield><marc:datafield tag="504" ind1=" " ind2=" "><marc:subfield code="a">Includes bibliographical references.</marc:subfield></marc:datafield><marc:datafield tag="520" ind1="8" ind2=" "><marc:subfield code="a">Leo Copers (geb. Gent, 1947) kan zonder twijfel gerekend worden tot de sleutelfiguren die de hedendaagse kunst in België beïnvloed hebben. Copers&apos; oeuvre is poëtisch, bevat vaak kunsthistorische referenties en tast de grenzen tussen werkelijkheid, droom en wetenschap af. Zijn werk is voor veel jongere kunstenaars een bron van inspiratie geweest en maakt deel uit van verschillende prestigieuze privé- en publieke collecties, zowel in binnen- als buitenland. Dreams are Made of This biedt een overzicht van een indrukwekkende vijftigjarige carrière (1968-2018) en is, alleen al daarom, een uniek historisch document. Exhibition: SMAK, Ghent, Belgium (21.06.-02.09.2018).</marc:subfield></marc:datafield><marc:datafield tag="546" ind1=" " ind2=" "><marc:subfield code="a">Texts in English and Dutch.</marc:subfield></marc:datafield><marc:datafield tag="600" ind1="1" ind2="0"><marc:subfield code="a">Copers, Leo,</marc:subfield><marc:subfield code="d">1947-</marc:subfield><marc:subfield code="v">Exhibitions.</marc:subfield></marc:datafield><marc:datafield tag="600" ind1="1" ind2="7"><marc:subfield code="a">Copers, Leo,</marc:subfield><marc:subfield code="d">1947-</marc:subfield><marc:subfield code="2">fast</marc:subfield><marc:subfield code="0">(OCoLC)fst00393527</marc:subfield></marc:datafield><marc:datafield tag="655" ind1=" " ind2="7"><marc:subfield code="a">Exhibition catalogs.</marc:subfield><marc:subfield code="2">fast</marc:subfield><marc:subfield code="0">(OCoLC)fst01424028.</marc:subfield></marc:datafield><marc:datafield tag="655" ind1=" " ind2="7"><marc:subfield code="a">Exhibition catalogs.</marc:subfield><marc:subfield code="2">lcgft</marc:subfield><marc:subfield code="0">https://id.loc.gov/authorities/genreForms/gf2014026098</marc:subfield></marc:datafield><marc:datafield tag="700" ind1="1" ind2=" "><marc:subfield code="a">Desaʼu, Ori,</marc:subfield><marc:subfield code="d">....-</marc:subfield><marc:subfield code="0">(viaf)</marc:subfield><marc:subfield code="4">aut</marc:subfield></marc:datafield><marc:datafield tag="700" ind1="1" ind2=" "><marc:subfield code="a">Teerlinck, Hilde,</marc:subfield><marc:subfield code="d">1966-</marc:subfield><marc:subfield code="0">(viaf)76571325</marc:subfield></marc:datafield><marc:datafield tag="700" ind1="1" ind2=" "><marc:subfield code="a">Van Cauteren, Philippe,</marc:subfield><marc:subfield code="d">1969-</marc:subfield><marc:subfield code="0">(viaf)8501442</marc:subfield></marc:datafield><marc:datafield tag="700" ind1="1" ind2=" "><marc:subfield code="a">Copers, Leo,</marc:subfield><marc:subfield code="d">1947-</marc:subfield><marc:subfield code="0">(viaf)</marc:subfield><marc:subfield code="k">Selections.</marc:subfield><marc:subfield code="t">Works.</marc:subfield></marc:datafield><marc:datafield tag="710" ind1="2" ind2=" "><marc:subfield code="a">Stedelijk Museum voor Actuele Kunst (Ghent, Belgium),</marc:subfield><marc:subfield code="e">host institution</marc:subfield></marc:datafield><marc:datafield tag="730" ind1="0" ind2="2"><marc:subfield code="a">Leo Copers.</marc:subfield></marc:datafield><marc:datafield tag="730" ind1="0" ind2="2"><marc:subfield code="a">Leo Copers.</marc:subfield><marc:subfield code="l">Dutch.</marc:subfield></marc:datafield><marc:datafield tag="920" ind1=" " ind2=" "><marc:subfield code="a">catalog</marc:subfield></marc:datafield><marc:datafield tag="SID" ind1=" " ind2=" "><marc:subfield code="a">Z39</marc:subfield><marc:subfield code="b">LOC</marc:subfield></marc:datafield></marc:record>