<marc:record><marc:leader>02177cam a2200409 i 4500</marc:leader><marc:controlfield tag="005">20250918232134.0</marc:controlfield><marc:controlfield tag="008">190228t20192019enka   ||b   |001 ||eng|d</marc:controlfield><marc:controlfield tag="001">990036760040409161</marc:controlfield><marc:datafield tag="010" ind1=" " ind2=" "><marc:subfield code="a">2019935910</marc:subfield></marc:datafield><marc:datafield tag="020" ind1=" " ind2=" "><marc:subfield code="a">9780081023761</marc:subfield><marc:subfield code="q">paperback</marc:subfield></marc:datafield><marc:datafield tag="020" ind1=" " ind2=" "><marc:subfield code="a">0081023766</marc:subfield><marc:subfield code="q">paperback</marc:subfield></marc:datafield><marc:datafield tag="020" ind1=" " ind2=" "><marc:subfield code="z">9780081023778</marc:subfield><marc:subfield code="q">electronic publication</marc:subfield></marc:datafield><marc:datafield tag="035" ind1=" " ind2=" "><marc:subfield code="a">(RUG01)003676004</marc:subfield></marc:datafield><marc:datafield tag="035" ind1=" " ind2=" "><marc:subfield code="a">20870753</marc:subfield></marc:datafield><marc:datafield tag="035" ind1=" " ind2=" "><marc:subfield code="a">(OCoLC)1097951622</marc:subfield></marc:datafield><marc:datafield tag="040" ind1=" " ind2=" "><marc:subfield code="a">YDX</marc:subfield><marc:subfield code="b">eng</marc:subfield><marc:subfield code="c">YDX</marc:subfield><marc:subfield code="d">NRC</marc:subfield><marc:subfield code="d">LTSCA</marc:subfield><marc:subfield code="d">U3W</marc:subfield><marc:subfield code="d">OCLCO</marc:subfield><marc:subfield code="d">PIT</marc:subfield><marc:subfield code="d">NLHHG</marc:subfield><marc:subfield code="d">NZTOI</marc:subfield><marc:subfield code="d">DLC</marc:subfield><marc:subfield code="e">rda</marc:subfield></marc:datafield><marc:datafield tag="042" ind1=" " ind2=" "><marc:subfield code="a">lccopycat</marc:subfield></marc:datafield><marc:datafield tag="050" ind1="0" ind2="0"><marc:subfield code="a">TA403</marc:subfield><marc:subfield code="b">.A693 2019</marc:subfield></marc:datafield><marc:datafield tag="082" ind1="0" ind2="4"><marc:subfield code="a">620.1/1</marc:subfield><marc:subfield code="2">23</marc:subfield></marc:datafield><marc:datafield tag="100" ind1="1" ind2=" "><marc:subfield code="a">Ashby, M. F.,</marc:subfield><marc:subfield code="d">....-</marc:subfield><marc:subfield code="0">(viaf)</marc:subfield><marc:subfield code="4">aut</marc:subfield></marc:datafield><marc:datafield tag="245" ind1="1" ind2="0"><marc:subfield code="a">Materials :</marc:subfield><marc:subfield code="b">engineering, science, processing and design /</marc:subfield><marc:subfield code="c">Mike Ashby, Hugh Shercliff, and David Cebon.</marc:subfield></marc:datafield><marc:datafield tag="250" ind1=" " ind2=" "><marc:subfield code="a">Fourth edition.</marc:subfield></marc:datafield><marc:datafield tag="260" ind1=" " ind2=" "><marc:subfield code="a">Oxford :</marc:subfield><marc:subfield code="b">Butterworth-Heinemann,</marc:subfield><marc:subfield code="c">2019.</marc:subfield></marc:datafield><marc:datafield tag="264" ind1=" " ind2="4"><marc:subfield code="c">© 2019</marc:subfield></marc:datafield><marc:datafield tag="300" ind1=" " ind2=" "><marc:subfield code="a">Xvi, 631, 150 variously numbered pages :</marc:subfield><marc:subfield code="b">illustrations (some colour) ;.</marc:subfield></marc:datafield><marc:datafield tag="500" ind1=" " ind2=" "><marc:subfield code="a">Previous edition: 2014.</marc:subfield></marc:datafield><marc:datafield tag="504" ind1=" " ind2=" "><marc:subfield code="a">Includes bibliographical references and index.</marc:subfield></marc:datafield><marc:datafield tag="520" ind1=" " ind2=" "><marc:subfield code="a">&quot;Materials: Engineering, Science, Processing and Design is the essential materials engineering text and resource for students developing skills and understanding of materials properties and selection for engineering applications. Taking a unique design-led approach that is broader in scope than other texts, Materials meets the curriculum needs of a wide variety of courses in the materials and design field, including introduction to materials science and engineering, engineering materials, materials selection and processing, and behavior of materials. This new edition retains its design-led focus and strong emphasis on visual communication while expanding its coverage of the physical basis of material properties, and process selection.&quot; --</marc:subfield><marc:subfield code="c">Provided by publisher.</marc:subfield></marc:datafield><marc:datafield tag="650" ind1=" " ind2="0"><marc:subfield code="a">Materials.</marc:subfield></marc:datafield><marc:datafield tag="650" ind1=" " ind2="7"><marc:subfield code="a">Materiaalkunde.</marc:subfield><marc:subfield code="2">gtt</marc:subfield></marc:datafield><marc:datafield tag="650" ind1=" " ind2="7"><marc:subfield code="a">Materials.</marc:subfield><marc:subfield code="2">fast</marc:subfield><marc:subfield code="0">(OCoLC)fst01011772</marc:subfield></marc:datafield><marc:datafield tag="650" ind1=" " ind2="7"><marc:subfield code="a">Productontwikkeling.</marc:subfield><marc:subfield code="2">gtt</marc:subfield></marc:datafield><marc:datafield tag="655" ind1=" " ind2="7"><marc:subfield code="a">Leermiddelen (vorm).</marc:subfield><marc:subfield code="2">gtt</marc:subfield></marc:datafield><marc:datafield tag="700" ind1="1" ind2=" "><marc:subfield code="a">Shercliff, Hugh,</marc:subfield><marc:subfield code="d">....-</marc:subfield><marc:subfield code="0">(viaf)</marc:subfield><marc:subfield code="4">aut</marc:subfield></marc:datafield><marc:datafield tag="700" ind1="1" ind2=" "><marc:subfield code="a">Cebon, David,</marc:subfield><marc:subfield code="d">....-</marc:subfield><marc:subfield code="0">(viaf)</marc:subfield><marc:subfield code="4">aut</marc:subfield></marc:datafield><marc:datafield tag="920" ind1=" " ind2=" "><marc:subfield code="a">book</marc:subfield></marc:datafield><marc:datafield tag="SID" ind1=" " ind2=" "><marc:subfield code="a">Z39</marc:subfield><marc:subfield code="b">LOC</marc:subfield></marc:datafield></marc:record>