<marc:record><marc:leader>01491ntm a2200253 a 4500</marc:leader><marc:controlfield tag="005">20250918120638.0</marc:controlfield><marc:controlfield tag="008">250806q1710    be |||||||||||||| ||dut|d</marc:controlfield><marc:controlfield tag="001">990036760030409161</marc:controlfield><marc:datafield tag="035" ind1=" " ind2=" "><marc:subfield code="a">(RUG01)003676003</marc:subfield></marc:datafield><marc:datafield tag="040" ind1=" " ind2=" "><marc:subfield code="a">BE-GnUNI</marc:subfield></marc:datafield><marc:datafield tag="100" ind1="1" ind2=" "><marc:subfield code="a">Jan van Arkel,</marc:subfield><marc:subfield code="c">Bisschop van Utrecht,</marc:subfield><marc:subfield code="d">1314-1378</marc:subfield><marc:subfield code="0">(viaf)284731273</marc:subfield></marc:datafield><marc:datafield tag="245" ind1="1" ind2="0"><marc:subfield code="a">Akte waarin Jan bisschop van Utrecht, heer van Diest en burchtgraaf van Antwerpen, aan Diest een nieuwe gemeentekeure verleent en een nieuw tarief voor het accijns bepaalt. Akte goedgekeurd door Jan, hertog van Brabant, 1335, 2 juni. [kopie].</marc:subfield></marc:datafield><marc:datafield tag="260" ind1=" " ind2=" "><marc:subfield code="c">[ca. 1710].</marc:subfield></marc:datafield><marc:datafield tag="300" ind1=" " ind2=" "><marc:subfield code="a">Ongepagineerd.</marc:subfield></marc:datafield><marc:datafield tag="340" ind1=" " ind2=" "><marc:subfield code="a">Papier</marc:subfield></marc:datafield><marc:datafield tag="500" ind1=" " ind2=" "><marc:subfield code="a">Kopie gesigneerd door R. V. Zurpele (Zie ook BHSL.HS.5003), Origineel berustende in &apos;t Stadsarchief van Diest, gedeeltelijk gedrukt in de Bulletins de la Commission royale d&apos;histoire, 4° reeks, III, 218.</marc:subfield></marc:datafield><marc:datafield tag="546" ind1=" " ind2=" "><marc:subfield code="a">Tekst in het Nederlands.</marc:subfield></marc:datafield><marc:datafield tag="561" ind1=" " ind2=" "><marc:subfield code="3">BHSL.HS.5002</marc:subfield><marc:subfield code="a">Herkomst: Koninklijke Academie voor Nederlandse Taal- en Letterkunde 20/03/2024.</marc:subfield></marc:datafield><marc:datafield tag="581" ind1=" " ind2=" "><marc:subfield code="a">Inventaris der handschriften toebehorende aan de Koninklijke Vlaamsche Academie voor Taal- en Letterkunde, Verslagen en mededelingen van de Koninklijke Vlaamse Academie voor Taal- en Letterkunde (1899), p. 94. Hier opgenomen als handschrift 17.</marc:subfield></marc:datafield><marc:datafield tag="591" ind1=" " ind2=" "><marc:subfield code="a">Bijzondere collecties</marc:subfield></marc:datafield><marc:datafield tag="655" ind1=" " ind2="7"><marc:subfield code="a">Manuscripts.</marc:subfield><marc:subfield code="2">UGENTSC</marc:subfield></marc:datafield><marc:datafield tag="700" ind1="1" ind2=" "><marc:subfield code="a">Jan</marc:subfield><marc:subfield code="b">III,</marc:subfield><marc:subfield code="c">Hertog van Brabant en Limburg,</marc:subfield><marc:subfield code="d">1300-1355</marc:subfield><marc:subfield code="0">(viaf)253493124</marc:subfield></marc:datafield><marc:datafield tag="700" ind1="1" ind2=" "><marc:subfield code="a">Zurpele, R. V.,</marc:subfield><marc:subfield code="d">....-</marc:subfield><marc:subfield code="0">(viaf)0</marc:subfield></marc:datafield><marc:datafield tag="920" ind1=" " ind2=" "><marc:subfield code="a">manuscript</marc:subfield></marc:datafield></marc:record>