<marc:record><marc:leader>00867cam a22002531  4500</marc:leader><marc:controlfield tag="005">20250918232134.0</marc:controlfield><marc:controlfield tag="008">740531s1968    gw a   ||b   |000 ||ger||</marc:controlfield><marc:controlfield tag="001">990036760020409161</marc:controlfield><marc:datafield tag="010" ind1=" " ind2=" "><marc:subfield code="a">77377748</marc:subfield></marc:datafield><marc:datafield tag="035" ind1=" " ind2=" "><marc:subfield code="a">(RUG01)003676002</marc:subfield></marc:datafield><marc:datafield tag="035" ind1=" " ind2=" "><marc:subfield code="a">6229120</marc:subfield></marc:datafield><marc:datafield tag="035" ind1=" " ind2=" "><marc:subfield code="a">(DLC) 77377748</marc:subfield></marc:datafield><marc:datafield tag="035" ind1=" " ind2=" "><marc:subfield code="a">(OCoLC)905650</marc:subfield></marc:datafield><marc:datafield tag="040" ind1=" " ind2=" "><marc:subfield code="a">DLC</marc:subfield><marc:subfield code="c">OOxM</marc:subfield><marc:subfield code="d">OCoLC</marc:subfield><marc:subfield code="d">DLC</marc:subfield></marc:datafield><marc:datafield tag="050" ind1="0" ind2="0"><marc:subfield code="a">NK7150</marc:subfield><marc:subfield code="b">.K6</marc:subfield></marc:datafield><marc:datafield tag="100" ind1="1" ind2=" "><marc:subfield code="a">Kohlhaussen, Heinrich,</marc:subfield><marc:subfield code="d">1894-1970</marc:subfield><marc:subfield code="0">(viaf)760346</marc:subfield></marc:datafield><marc:datafield tag="245" ind1="1" ind2="0"><marc:subfield code="a">Nürnberger Goldschmiedekunst des Mittelalters und der Dürerzeit 1240 bis 1540 /</marc:subfield><marc:subfield code="c">Heinrich Kohlhaussen.</marc:subfield></marc:datafield><marc:datafield tag="260" ind1=" " ind2=" "><marc:subfield code="a">Berlin, :</marc:subfield><marc:subfield code="b">Deutscher Verlag für Kunstwissenschaft,</marc:subfield><marc:subfield code="c">[1968].</marc:subfield></marc:datafield><marc:datafield tag="300" ind1=" " ind2=" "><marc:subfield code="a">589 p. :</marc:subfield><marc:subfield code="b">illus. (part col.) ;</marc:subfield><marc:subfield code="c">31 cm.</marc:subfield></marc:datafield><marc:datafield tag="504" ind1=" " ind2=" "><marc:subfield code="a">Bibliography: p. [532]-534.</marc:subfield></marc:datafield><marc:datafield tag="650" ind1=" " ind2="0"><marc:subfield code="a">Goldwork</marc:subfield><marc:subfield code="z">Germany</marc:subfield><marc:subfield code="z">Nuremberg.</marc:subfield></marc:datafield><marc:datafield tag="650" ind1=" " ind2="0"><marc:subfield code="a">Silverwork</marc:subfield><marc:subfield code="z">Germany</marc:subfield><marc:subfield code="z">Nuremberg.</marc:subfield></marc:datafield><marc:datafield tag="920" ind1=" " ind2=" "><marc:subfield code="a">book</marc:subfield></marc:datafield><marc:datafield tag="SID" ind1=" " ind2=" "><marc:subfield code="a">Z39</marc:subfield><marc:subfield code="b">LOC</marc:subfield></marc:datafield></marc:record>