<marc:record><marc:leader>00613nam a2200169 a 4500</marc:leader><marc:controlfield tag="005">20250918232134.0</marc:controlfield><marc:controlfield tag="008">250820|1922||||xx |||||r|||||||| ||ger|d</marc:controlfield><marc:controlfield tag="001">990036760010409161</marc:controlfield><marc:datafield tag="035" ind1=" " ind2=" "><marc:subfield code="a">(RUG01)003676001</marc:subfield></marc:datafield><marc:datafield tag="040" ind1=" " ind2=" "><marc:subfield code="a">BE-GnUNI</marc:subfield></marc:datafield><marc:datafield tag="245" ind1="0" ind2="0"><marc:subfield code="a">Holländische Möbel und Raumkunst von 1650-1780 /</marc:subfield><marc:subfield code="c">herausgeg. von C. H. de Jonghe; eingel. von W. Vogelsang.</marc:subfield></marc:datafield><marc:datafield tag="260" ind1=" " ind2=" "><marc:subfield code="a">&apos;s-Gravenhage :</marc:subfield><marc:subfield code="b">Nijhoff,</marc:subfield><marc:subfield code="c">1922.</marc:subfield></marc:datafield><marc:datafield tag="300" ind1=" " ind2=" "><marc:subfield code="a">241 p.: ill.</marc:subfield></marc:datafield><marc:datafield tag="500" ind1=" " ind2=" "><marc:subfield code="a">Mit 434 Abbildungren</marc:subfield></marc:datafield><marc:datafield tag="700" ind1="1" ind2=" "><marc:subfield code="a">de Jonge, C. H.</marc:subfield><marc:subfield code="q">(Caroline Henriette),</marc:subfield><marc:subfield code="d">1886-1972</marc:subfield><marc:subfield code="0">(viaf)10922400</marc:subfield><marc:subfield code="4">pbl</marc:subfield></marc:datafield><marc:datafield tag="700" ind1="1" ind2=" "><marc:subfield code="a">Vogelsang, Willem,</marc:subfield><marc:subfield code="d">1875-1954</marc:subfield><marc:subfield code="0">(viaf)92113734</marc:subfield><marc:subfield code="4">aui</marc:subfield></marc:datafield><marc:datafield tag="920" ind1=" " ind2=" "><marc:subfield code="a">book</marc:subfield></marc:datafield></marc:record>