<marc:record><marc:leader>00482nam a2200145 a 4500</marc:leader><marc:controlfield tag="005">20250918232136.0</marc:controlfield><marc:controlfield tag="008">250820|1916||||xx |||||r|||||||| ||ita|d</marc:controlfield><marc:controlfield tag="001">990036760000409161</marc:controlfield><marc:datafield tag="035" ind1=" " ind2=" "><marc:subfield code="a">(RUG01)003676000</marc:subfield></marc:datafield><marc:datafield tag="040" ind1=" " ind2=" "><marc:subfield code="a">BE-GnUNI</marc:subfield></marc:datafield><marc:datafield tag="245" ind1="0" ind2="0"><marc:subfield code="a">Indici ventiduennali delle riviste L&apos;Alighieri e Il Giornale Dantesco (1889-1910) /</marc:subfield><marc:subfield code="c">a cura di Giuseppe Boffito.</marc:subfield></marc:datafield><marc:datafield tag="260" ind1=" " ind2=" "><marc:subfield code="a">Firenze :</marc:subfield><marc:subfield code="b">Leo S. Olschki,</marc:subfield><marc:subfield code="c">1916.</marc:subfield></marc:datafield><marc:datafield tag="300" ind1=" " ind2=" "><marc:subfield code="a">311 p.</marc:subfield></marc:datafield><marc:datafield tag="700" ind1="1" ind2=" "><marc:subfield code="a">Boffito, Giuseppe,</marc:subfield><marc:subfield code="d">1869-1944</marc:subfield><marc:subfield code="0">(viaf)27147694</marc:subfield></marc:datafield><marc:datafield tag="920" ind1=" " ind2=" "><marc:subfield code="a">book</marc:subfield></marc:datafield></marc:record>