<marc:record><marc:leader>01494ntm a2200265 a 4500</marc:leader><marc:controlfield tag="005">20250930133438.0</marc:controlfield><marc:controlfield tag="008">250806s1321    be |||||||||||||| ||dum|d</marc:controlfield><marc:controlfield tag="001">990036759990409161</marc:controlfield><marc:datafield tag="035" ind1=" " ind2=" "><marc:subfield code="a">(RUG01)003675999</marc:subfield></marc:datafield><marc:datafield tag="040" ind1=" " ind2=" "><marc:subfield code="a">BE-GnUNI</marc:subfield></marc:datafield><marc:datafield tag="245" ind1="0" ind2="0"><marc:subfield code="a">Oorkonde van Godevaard van Beringhen vóór schepenen van Diest (buiten), enige gronden in onderpand geeft, tot verzekering van een jaarlijkse rente van 3 pond 10 schellingen ten voordele van de H.-Geesttafel van de St.-Sulpiciuskerk te Diest, 1321, 25 mei.</marc:subfield></marc:datafield><marc:datafield tag="260" ind1=" " ind2=" "><marc:subfield code="c">1321.</marc:subfield></marc:datafield><marc:datafield tag="300" ind1=" " ind2=" "><marc:subfield code="a">1 f.</marc:subfield></marc:datafield><marc:datafield tag="340" ind1=" " ind2=" "><marc:subfield code="a">Perkament</marc:subfield></marc:datafield><marc:datafield tag="500" ind1=" " ind2=" "><marc:subfield code="a">Getransfixeerd aan andere oorkonde: Beleidsbrief vanwege de buitenschepenen van Diest, waarbij voormeld goed, wegens gebrek van betaling van de bepaalde rent, wordt afgepand ten behoeve van H.- Geesttafel van Diest, 1426, 16 mei.</marc:subfield></marc:datafield><marc:datafield tag="500" ind1=" " ind2=" "><marc:subfield code="a">Met zegel. Schepenzegel van Diest.</marc:subfield></marc:datafield><marc:datafield tag="546" ind1=" " ind2=" "><marc:subfield code="a">Tekst in het Nederlands.</marc:subfield></marc:datafield><marc:datafield tag="561" ind1=" " ind2=" "><marc:subfield code="a">Herkomst: Koninklijke Academie voor Nederlandse Taal- en Letterkunde 20/03/2024.</marc:subfield><marc:subfield code="3">BHSL.HS.5001</marc:subfield></marc:datafield><marc:datafield tag="581" ind1=" " ind2=" "><marc:subfield code="a">Inventaris der handschriften toebehorende aan de Koninklijke Vlaamsche Academie voor Taal- en Letterkunde, Verslagen en mededelingen van de Koninklijke Vlaamse Academie voor Taal- en Letterkunde (1899), p. 93. Hier opgenomen als handschrift 16.</marc:subfield></marc:datafield><marc:datafield tag="591" ind1=" " ind2=" "><marc:subfield code="a">Bijzondere collecties</marc:subfield></marc:datafield><marc:datafield tag="591" ind1=" " ind2=" "><marc:subfield code="a">Medieval manuscripts</marc:subfield></marc:datafield><marc:datafield tag="655" ind1=" " ind2="7"><marc:subfield code="a">Seals (Numismatics).</marc:subfield><marc:subfield code="2">UGENTSC</marc:subfield></marc:datafield><marc:datafield tag="655" ind1=" " ind2="7"><marc:subfield code="a">Manuscripts.</marc:subfield><marc:subfield code="2">UGENTSC</marc:subfield></marc:datafield><marc:datafield tag="662" ind1=" " ind2=" "><marc:subfield code="a">België</marc:subfield><marc:subfield code="d">Diest</marc:subfield><marc:subfield code="0">(bpost)3290</marc:subfield><marc:subfield code="0">(tgn)7007874</marc:subfield></marc:datafield><marc:datafield tag="920" ind1=" " ind2=" "><marc:subfield code="a">manuscript</marc:subfield></marc:datafield></marc:record>