<marc:record><marc:leader>01576ntm a2200229 a 4500</marc:leader><marc:controlfield tag="005">20250918120637.0</marc:controlfield><marc:controlfield tag="008">250806q16011700be |||||||||||||| ||dut|d</marc:controlfield><marc:controlfield tag="001">990036759960409161</marc:controlfield><marc:datafield tag="035" ind1=" " ind2=" "><marc:subfield code="a">(RUG01)003675996</marc:subfield></marc:datafield><marc:datafield tag="040" ind1=" " ind2=" "><marc:subfield code="a">BE-GnUNI</marc:subfield></marc:datafield><marc:datafield tag="100" ind1="1" ind2=" "><marc:subfield code="a">Johanna</marc:subfield><marc:subfield code="b">I,</marc:subfield><marc:subfield code="c">Hertogin van Brabant,</marc:subfield><marc:subfield code="d">1322-1406</marc:subfield><marc:subfield code="0">(viaf)284731273</marc:subfield></marc:datafield><marc:datafield tag="245" ind1="1" ind2="0"><marc:subfield code="a">Akte waarin Joanna, hertogin van Luxemburg, Lotharingen en Brabant, verklaart dat de Diestenaren haar, in de oorlog die zij gevoerd had tegen de hertog van Gelre, vrijwillig, zonder verplichting hadden bijgestaan met geld, om welke reden zij belooft de rechten, voorrechten, keuren en costumen der stede te zullen handhaven, 1308 (?), 13 november. [kopie].</marc:subfield></marc:datafield><marc:datafield tag="260" ind1=" " ind2=" "><marc:subfield code="c">17e eeuw.</marc:subfield></marc:datafield><marc:datafield tag="300" ind1=" " ind2=" "><marc:subfield code="a">1 bl.</marc:subfield></marc:datafield><marc:datafield tag="340" ind1=" " ind2=" "><marc:subfield code="a">Papier</marc:subfield></marc:datafield><marc:datafield tag="500" ind1=" " ind2=" "><marc:subfield code="a">Datum oorspronkelijke akte klopt naar alle waarschijnlijkheid niet. Johanna (1322-1406) was hertogin van Brabant en Limburg van 1355 tot aan haar dood. Ze vocht een oorlog met Willem, hertog van Gelre, over de heerschappij van Brabant en Gelre. Deze strijd, bekend als de Gelders-Brabantse oorlog, duurde van 1386 tot 1399.</marc:subfield></marc:datafield><marc:datafield tag="546" ind1=" " ind2=" "><marc:subfield code="a">Tekst in het Nederlands.</marc:subfield></marc:datafield><marc:datafield tag="561" ind1=" " ind2=" "><marc:subfield code="3">BHSL.HS.5000</marc:subfield><marc:subfield code="a">Herkomst: Koninklijke Academie voor Nederlandse Taal- en Letterkunde 20/03/2024.</marc:subfield></marc:datafield><marc:datafield tag="581" ind1=" " ind2=" "><marc:subfield code="a">Inventaris der handschriften toebehorende aan de Koninklijke Vlaamsche Academie voor Taal- en Letterkunde, Verslagen en mededelingen van de Koninklijke Vlaamse Academie voor Taal- en Letterkunde (1899), p. 93. Hier opgenomen als handschrift 15.</marc:subfield></marc:datafield><marc:datafield tag="591" ind1=" " ind2=" "><marc:subfield code="a">Bijzondere collecties</marc:subfield></marc:datafield><marc:datafield tag="655" ind1=" " ind2="7"><marc:subfield code="a">Manuscripts.</marc:subfield><marc:subfield code="2">UGENTSC</marc:subfield></marc:datafield><marc:datafield tag="920" ind1=" " ind2=" "><marc:subfield code="a">manuscript</marc:subfield></marc:datafield></marc:record>