<marc:record><marc:leader>01254ntm a2200229 a 4500</marc:leader><marc:controlfield tag="005">20250918120637.0</marc:controlfield><marc:controlfield tag="008">250806q16011700be |||||||||||||| ||lat|d</marc:controlfield><marc:controlfield tag="001">990036759950409161</marc:controlfield><marc:datafield tag="035" ind1=" " ind2=" "><marc:subfield code="a">(RUG01)003675995</marc:subfield></marc:datafield><marc:datafield tag="040" ind1=" " ind2=" "><marc:subfield code="a">BE-GnUNI</marc:subfield></marc:datafield><marc:datafield tag="100" ind1="1" ind2=" "><marc:subfield code="a">Jan</marc:subfield><marc:subfield code="b">I,</marc:subfield><marc:subfield code="c">Hertog van Brabant,</marc:subfield><marc:subfield code="d">1253-1294</marc:subfield><marc:subfield code="0">(viaf)57419621</marc:subfield></marc:datafield><marc:datafield tag="245" ind1="1" ind2="0"><marc:subfield code="a">Charter waarin Jan, hertog van Lotharingen en Brabant, scheidsrechterlijke uitspraak doet aangaande verscheidene geschillen, tussen Arnold, heer van Diest, en de ingezetenen der stad, nopens welke geschillen een onderzoek was gedaan door Wouter, gezegd Volcard, schout van Antwerpen en Iwan van Meldert, meier van Tienen, 1280, 30 maart. [kopie].</marc:subfield></marc:datafield><marc:datafield tag="260" ind1=" " ind2=" "><marc:subfield code="c">17e eeuw.</marc:subfield></marc:datafield><marc:datafield tag="300" ind1=" " ind2=" "><marc:subfield code="a">1 bl. + 1 bl.</marc:subfield></marc:datafield><marc:datafield tag="340" ind1=" " ind2=" "><marc:subfield code="a">Papier</marc:subfield></marc:datafield><marc:datafield tag="520" ind1=" " ind2=" "><marc:subfield code="a">Twee kopieën.</marc:subfield></marc:datafield><marc:datafield tag="546" ind1=" " ind2=" "><marc:subfield code="a">Tekst in het Latijn.</marc:subfield></marc:datafield><marc:datafield tag="561" ind1=" " ind2=" "><marc:subfield code="3">BHSL.HS.4999</marc:subfield><marc:subfield code="a">Herkomst: Koninklijke Academie voor Nederlandse Taal- en Letterkunde 20/03/2024.</marc:subfield></marc:datafield><marc:datafield tag="581" ind1=" " ind2=" "><marc:subfield code="a">Inventaris der handschriften toebehorende aan de Koninklijke Vlaamsche Academie voor Taal- en Letterkunde, Verslagen en mededelingen van de Koninklijke Vlaamse Academie voor Taal- en Letterkunde (1899), p. 93. Hier opgenomen als handschrift 14.</marc:subfield></marc:datafield><marc:datafield tag="591" ind1=" " ind2=" "><marc:subfield code="a">Bijzondere collecties</marc:subfield></marc:datafield><marc:datafield tag="655" ind1=" " ind2="7"><marc:subfield code="a">Manuscripts.</marc:subfield><marc:subfield code="2">UGENTSC</marc:subfield></marc:datafield><marc:datafield tag="920" ind1=" " ind2=" "><marc:subfield code="a">manuscript</marc:subfield></marc:datafield></marc:record>