<marc:record><marc:leader>01196ntm a2200229 a 4500</marc:leader><marc:controlfield tag="005">20250918120641.0</marc:controlfield><marc:controlfield tag="008">250806q16011700be |||||||||||||| ||lat|d</marc:controlfield><marc:controlfield tag="001">990036759940409161</marc:controlfield><marc:datafield tag="035" ind1=" " ind2=" "><marc:subfield code="a">(RUG01)003675994</marc:subfield></marc:datafield><marc:datafield tag="040" ind1=" " ind2=" "><marc:subfield code="a">BE-GnUNI</marc:subfield></marc:datafield><marc:datafield tag="100" ind1="1" ind2=" "><marc:subfield code="a">Jan</marc:subfield><marc:subfield code="b">I,</marc:subfield><marc:subfield code="c">Hertog van Brabant,</marc:subfield><marc:subfield code="d">1253-1294</marc:subfield><marc:subfield code="0">(viaf)57419621</marc:subfield></marc:datafield><marc:datafield tag="245" ind1="1" ind2="0"><marc:subfield code="a">Charter waarin Jan, hertog van Lotharingen en Brabant, het recht der Diestenaars bevestigt op het gebruik van hun gemeenschappelijke weiden, en handhaaft hun andere rechten, hun door zijn voorzaten verleend, 1278, 4 juni. [kopie].</marc:subfield></marc:datafield><marc:datafield tag="260" ind1=" " ind2=" "><marc:subfield code="c">17e eeuw.</marc:subfield></marc:datafield><marc:datafield tag="300" ind1=" " ind2=" "><marc:subfield code="a">1 f.</marc:subfield></marc:datafield><marc:datafield tag="340" ind1=" " ind2=" "><marc:subfield code="a">Papier</marc:subfield></marc:datafield><marc:datafield tag="500" ind1=" " ind2=" "><marc:subfield code="a">Met twee 19e-eeuwse afschriften door Karel F. Stallaert (1820-1893). [in documap]</marc:subfield></marc:datafield><marc:datafield tag="546" ind1=" " ind2=" "><marc:subfield code="a">Tekst in het Latijn.</marc:subfield></marc:datafield><marc:datafield tag="561" ind1=" " ind2=" "><marc:subfield code="3">BHSL.HS.4998</marc:subfield><marc:subfield code="a">Herkomst: Koninklijke Academie voor Nederlandse Taal- en Letterkunde 20/03/2024.</marc:subfield></marc:datafield><marc:datafield tag="581" ind1=" " ind2=" "><marc:subfield code="a">Inventaris der handschriften toebehorende aan de Koninklijke Vlaamsche Academie voor Taal- en Letterkunde, Verslagen en mededelingen van de Koninklijke Vlaamse Academie voor Taal- en Letterkunde (1899), p. 93. Hier opgenomen als handschrift 13.</marc:subfield></marc:datafield><marc:datafield tag="591" ind1=" " ind2=" "><marc:subfield code="a">Bijzondere collecties</marc:subfield></marc:datafield><marc:datafield tag="655" ind1=" " ind2="7"><marc:subfield code="a">Manuscripts.</marc:subfield><marc:subfield code="2">UGENTSC</marc:subfield></marc:datafield><marc:datafield tag="920" ind1=" " ind2=" "><marc:subfield code="a">manuscript</marc:subfield></marc:datafield></marc:record>