<marc:record><marc:leader>01327ntm a2200229 a 4500</marc:leader><marc:controlfield tag="005">20250918120638.0</marc:controlfield><marc:controlfield tag="008">250806q16011700be |||||||||||||| ||lat|d</marc:controlfield><marc:controlfield tag="001">990036759930409161</marc:controlfield><marc:datafield tag="035" ind1=" " ind2=" "><marc:subfield code="a">(RUG01)003675993</marc:subfield></marc:datafield><marc:datafield tag="040" ind1=" " ind2=" "><marc:subfield code="a">BE-GnUNI</marc:subfield></marc:datafield><marc:datafield tag="100" ind1="1" ind2=" "><marc:subfield code="a">Hendrik</marc:subfield><marc:subfield code="b">III,</marc:subfield><marc:subfield code="c">Hertog van Brabant,</marc:subfield><marc:subfield code="d">1231-1261</marc:subfield><marc:subfield code="0">(viaf)15037492</marc:subfield></marc:datafield><marc:datafield tag="245" ind1="1" ind2="0"><marc:subfield code="a">Bekrachtingingsbrief waarin Hendrik, hertog van Lotharingen en Brabant, de aankoop goedkeurt van 50 bunder in het bos van Bijlaar, alsook van een jaarijkse opbrengst van 50 mud tarwe en rogge, bezet op de molens van Diest, welke aankoop gedaan was door het St-Bernaardsklooster der stad, van Arnold, heer van Diest, en zijn vrouw Ida, 1256, 28 maart. [kopie].</marc:subfield></marc:datafield><marc:datafield tag="260" ind1=" " ind2=" "><marc:subfield code="c">17e eeuw.</marc:subfield></marc:datafield><marc:datafield tag="300" ind1=" " ind2=" "><marc:subfield code="a">1 bl.</marc:subfield></marc:datafield><marc:datafield tag="340" ind1=" " ind2=" "><marc:subfield code="a">Papier</marc:subfield></marc:datafield><marc:datafield tag="546" ind1=" " ind2=" "><marc:subfield code="a">Tekst in het Latijn.</marc:subfield></marc:datafield><marc:datafield tag="561" ind1=" " ind2=" "><marc:subfield code="3">BHSL.HS.4997</marc:subfield><marc:subfield code="a">Herkomst: Koninklijke Academie voor Nederlandse Taal- en Letterkunde 20/03/2024.</marc:subfield></marc:datafield><marc:datafield tag="581" ind1=" " ind2=" "><marc:subfield code="a">Inventaris der handschriften toebehorende aan de Koninklijke Vlaamsche Academie voor Taal- en Letterkunde, Verslagen en mededelingen van de Koninklijke Vlaamse Academie voor Taal- en Letterkunde (1899), p. 92-93. Hier opgenomen als handschrift 12.</marc:subfield></marc:datafield><marc:datafield tag="581" ind1=" " ind2=" "><marc:subfield code="a">Raymaekers, F. J. E., Het kerkelijk en liefdadig Diest, 1870, p. 364-265.</marc:subfield></marc:datafield><marc:datafield tag="591" ind1=" " ind2=" "><marc:subfield code="a">Bijzondere collecties</marc:subfield></marc:datafield><marc:datafield tag="655" ind1=" " ind2="7"><marc:subfield code="a">Manuscripts.</marc:subfield><marc:subfield code="2">UGENTSC</marc:subfield></marc:datafield><marc:datafield tag="920" ind1=" " ind2=" "><marc:subfield code="a">manuscript</marc:subfield></marc:datafield></marc:record>