<marc:record><marc:leader>00000nam a22      a 4500</marc:leader><marc:controlfield tag="005">20250819163443.0</marc:controlfield><marc:controlfield tag="008">250819s2013    be |||||r|||||||| ||dut|d</marc:controlfield><marc:controlfield tag="001">990036759910409161</marc:controlfield><marc:datafield tag="035" ind1=" " ind2=" "><marc:subfield code="a">(BE-GnUNI)003675991</marc:subfield></marc:datafield><marc:datafield tag="035" ind1=" " ind2=" "><marc:subfield code="a">(BE-GnUNI)003675991RUG01</marc:subfield></marc:datafield><marc:datafield tag="020" ind1=" " ind2=" "><marc:subfield code="a">9789038220802</marc:subfield></marc:datafield><marc:datafield tag="040" ind1=" " ind2=" "><marc:subfield code="a">BE-GnUNI</marc:subfield></marc:datafield><marc:datafield tag="100" ind1="1" ind2=" "><marc:subfield code="a">Van Bouchaute, Bart,</marc:subfield><marc:subfield code="d">1962-</marc:subfield><marc:subfield code="0">(ugent)20036770</marc:subfield><marc:subfield code="0">(viaf)16769122</marc:subfield></marc:datafield><marc:datafield tag="245" ind1="1" ind2="0"><marc:subfield code="a">Gentrificatie als strategie van stadsvernieuwing? :</marc:subfield><marc:subfield code="b">Gentse stadsvernieuwing in de 19de-eeuwse gordel 2000-2012 /</marc:subfield><marc:subfield code="c">Bart Van Bouchaute.</marc:subfield></marc:datafield><marc:datafield tag="260" ind1=" " ind2=" "><marc:subfield code="a">Gent :</marc:subfield><marc:subfield code="b">Academia press,</marc:subfield><marc:subfield code="c">2013.</marc:subfield></marc:datafield><marc:datafield tag="300" ind1=" " ind2=" "><marc:subfield code="a">X, 160 p.</marc:subfield></marc:datafield><marc:datafield tag="490" ind1="0" ind2=" "><marc:subfield code="a">Demokritos : mededelingen van de Vakgroep Politieke Wetenschappen van de Universiteit Gent</marc:subfield><marc:subfield code="v">2013</marc:subfield></marc:datafield><marc:datafield tag="710" ind1="2" ind2=" "><marc:subfield code="a">Universiteit Gent</marc:subfield><marc:subfield code="b">Faculteit Politieke en Sociale Wetenschappen</marc:subfield><marc:subfield code="b">Vakgroep Politieke Wetenschappen</marc:subfield></marc:datafield><marc:datafield tag="920" ind1=" " ind2=" "><marc:subfield code="a">book</marc:subfield></marc:datafield></marc:record>