<marc:record><marc:leader>01065ntm a2200229 a 4500</marc:leader><marc:controlfield tag="005">20250918104524.0</marc:controlfield><marc:controlfield tag="008">250819|2025||||be |||||rm||||||| ||   |d</marc:controlfield><marc:controlfield tag="001">990036759900409161</marc:controlfield><marc:datafield tag="035" ind1=" " ind2=" "><marc:subfield code="a">(RUG01)003675990</marc:subfield></marc:datafield><marc:datafield tag="040" ind1=" " ind2=" "><marc:subfield code="a">BE-GnUNI</marc:subfield></marc:datafield><marc:datafield tag="100" ind1="1" ind2=" "><marc:subfield code="a">Van de Vondel, Nathan,</marc:subfield><marc:subfield code="d">2000-</marc:subfield><marc:subfield code="0">(ugent)01811232</marc:subfield><marc:subfield code="0">(viaf)</marc:subfield></marc:datafield><marc:datafield tag="245" ind1="1" ind2="0"><marc:subfield code="a">Multi-fidelity aero-elastic analysis of a soft kite for airborne wind energy applications /</marc:subfield><marc:subfield code="c">Nathan Van de Vondel.</marc:subfield></marc:datafield><marc:datafield tag="260" ind1=" " ind2=" "><marc:subfield code="c">2025.</marc:subfield></marc:datafield><marc:datafield tag="502" ind1=" " ind2=" "><marc:subfield code="a">Master&apos;s dissertation submitted in order to obtain the academic degree of Master of Science in Electromechanical Engineering - Mechanical Energy Engineering</marc:subfield></marc:datafield><marc:datafield tag="540" ind1=" " ind2=" "><marc:subfield code="a">UND</marc:subfield></marc:datafield><marc:datafield tag="599" ind1=" " ind2=" "><marc:subfield code="a">Access: Heden tot 9999-12-31: open</marc:subfield></marc:datafield><marc:datafield tag="700" ind1="1" ind2=" "><marc:subfield code="a">Degroote, Joris,</marc:subfield><marc:subfield code="d">1983-</marc:subfield><marc:subfield code="0">(ugent)802000037018</marc:subfield><marc:subfield code="0">(viaf)163163936265000831166</marc:subfield><marc:subfield code="e">promotor</marc:subfield></marc:datafield><marc:datafield tag="710" ind1="2" ind2=" "><marc:subfield code="a">UGent.</marc:subfield><marc:subfield code="b">Faculty of Engineering and Architecture.</marc:subfield></marc:datafield><marc:datafield tag="856" ind1="4" ind2=" "><marc:subfield code="u">https://lib.ugent.be/fulltxt/RUG01/003/675/990/RUG01-003675990_2025_0001_AC.pdf</marc:subfield><marc:subfield code="3">Full text</marc:subfield><marc:subfield code="s">File size:</marc:subfield><marc:subfield code="x">Bron:auteur</marc:subfield><marc:subfield code="x">Status:open</marc:subfield><marc:subfield code="x">Handtekening:afwezig</marc:subfield></marc:datafield><marc:datafield tag="920" ind1=" " ind2=" "><marc:subfield code="a">master</marc:subfield></marc:datafield><marc:datafield tag="922" ind1=" " ind2=" "><marc:subfield code="a">UGENT-EA</marc:subfield></marc:datafield><marc:datafield tag="922" ind1=" " ind2=" "><marc:subfield code="a">etd</marc:subfield></marc:datafield></marc:record>