<marc:record><marc:leader>01665nkm a2200325 a 4500</marc:leader><marc:controlfield tag="005">20250918121114.0</marc:controlfield><marc:controlfield tag="008">250519m15701612xx ||| |     |r   k|lat|d</marc:controlfield><marc:controlfield tag="001">990036759820409161</marc:controlfield><marc:datafield tag="035" ind1=" " ind2=" "><marc:subfield code="a">(RUG01)003675982</marc:subfield></marc:datafield><marc:datafield tag="040" ind1=" " ind2=" "><marc:subfield code="a">BE-GnUNI</marc:subfield></marc:datafield><marc:datafield tag="245" ind1="0" ind2="0"><marc:subfield code="k">[print]</marc:subfield><marc:subfield code="a">Koning Manasse in de gevangenis, prent 5 van &apos;Boetedoening en berouw in het Oude Testament en het Nieuwe Testament&apos; /</marc:subfield><marc:subfield code="c">Anoniem, naar Maarten de Vos.</marc:subfield></marc:datafield><marc:datafield tag="246" ind1="2" ind2=" "><marc:subfield code="a">Manasse enchained in a dungeon</marc:subfield></marc:datafield><marc:datafield tag="260" ind1=" " ind2=" "><marc:subfield code="a">Antwerpen :</marc:subfield><marc:subfield code="b">Philips Galle,</marc:subfield><marc:subfield code="c">1570-1612.</marc:subfield></marc:datafield><marc:datafield tag="300" ind1=" " ind2=" "><marc:subfield code="a">1 prent :</marc:subfield><marc:subfield code="b">gravure, ingebonden ;</marc:subfield><marc:subfield code="c">plaatrand h 204 x b 238 mm, bladrand h 255 x b 335 mm.</marc:subfield></marc:datafield><marc:datafield tag="340" ind1=" " ind2=" "><marc:subfield code="a">Papier.</marc:subfield></marc:datafield><marc:datafield tag="490" ind1="0" ind2=" "><marc:subfield code="a">Examples of repentant sinners from the Old and New Testament</marc:subfield></marc:datafield><marc:datafield tag="490" ind1="0" ind2=" "><marc:subfield code="a">Boetedoening en berouw in het Oude Testament en het Nieuwe Testament</marc:subfield></marc:datafield><marc:datafield tag="500" ind1=" " ind2=" "><marc:subfield code="3">BIB.GOP.B1781</marc:subfield><marc:subfield code="a">Reeks 22/prent 5</marc:subfield></marc:datafield><marc:datafield tag="500" ind1=" " ind2=" "><marc:subfield code="a">Prent 5 van &apos;Boetedoening en berouw in het Oude Testament en het Nieuwe Testament&apos;. Reeks bestaat uit 10 gravures.</marc:subfield></marc:datafield><marc:datafield tag="500" ind1=" " ind2=" "><marc:subfield code="a">Toegeschreven aan het atelier van Philips Galle</marc:subfield></marc:datafield><marc:datafield tag="540" ind1=" " ind2=" "><marc:subfield code="a">PDM-1.0</marc:subfield></marc:datafield><marc:datafield tag="581" ind1=" " ind2=" "><marc:subfield code="a">Hollstein, Dutch and Flemish etchings, engravings and woodcuts, 1450-1700, vol. XLIV, Maarten de Vos, Text, Rotterdam: Sound &amp; Vision, 1996, p. 227, nr. 1141/I</marc:subfield></marc:datafield><marc:datafield tag="591" ind1=" " ind2=" "><marc:subfield code="a">Bijzondere collecties</marc:subfield></marc:datafield><marc:datafield tag="650" ind1=" " ind2="7"><marc:subfield code="a">Bible, New Testament.</marc:subfield><marc:subfield code="2">UGENTSC</marc:subfield></marc:datafield><marc:datafield tag="650" ind1=" " ind2="7"><marc:subfield code="a">Bible, Old Testament.</marc:subfield><marc:subfield code="2">UGENTSC</marc:subfield></marc:datafield><marc:datafield tag="655" ind1=" " ind2="7"><marc:subfield code="a">Graphic material.</marc:subfield><marc:subfield code="2">UGENTSC</marc:subfield></marc:datafield><marc:datafield tag="700" ind1="1" ind2=" "><marc:subfield code="a">de Vos, Maarten,</marc:subfield><marc:subfield code="d">1532-1603</marc:subfield><marc:subfield code="0">(viaf)88877213</marc:subfield><marc:subfield code="4">ccp</marc:subfield></marc:datafield><marc:datafield tag="700" ind1="1" ind2=" "><marc:subfield code="a">Galle, Philips,</marc:subfield><marc:subfield code="d">1537-1612</marc:subfield><marc:subfield code="0">(viaf)73895789</marc:subfield><marc:subfield code="4">pbl</marc:subfield></marc:datafield><marc:datafield tag="773" ind1="1" ind2="8"><marc:subfield code="w">990031418980409161</marc:subfield><marc:subfield code="t">Deel 198 van verzamelband BIB.GOP.B1781</marc:subfield><marc:subfield code="g">pt:Deel 198: Koning Manasse in de gevangenis</marc:subfield><marc:subfield code="g">iss:198</marc:subfield></marc:datafield><marc:datafield tag="920" ind1=" " ind2=" "><marc:subfield code="a">image</marc:subfield></marc:datafield></marc:record>