<marc:record><marc:leader>00548nam a2200157 a 4500</marc:leader><marc:controlfield tag="005">20250918232133.0</marc:controlfield><marc:controlfield tag="008">250819s2025    fr |||||r|||||||| ||fre|d</marc:controlfield><marc:controlfield tag="001">990036759810409161</marc:controlfield><marc:datafield tag="020" ind1=" " ind2=" "><marc:subfield code="a">9782130877448</marc:subfield></marc:datafield><marc:datafield tag="035" ind1=" " ind2=" "><marc:subfield code="a">(RUG01)003675981</marc:subfield></marc:datafield><marc:datafield tag="040" ind1=" " ind2=" "><marc:subfield code="a">BE-GnUNI</marc:subfield></marc:datafield><marc:datafield tag="245" ind1="0" ind2="3"><marc:subfield code="a">Le Sud-Viêt Nam en guerre (1945-1975) :</marc:subfield><marc:subfield code="b">un laboratoire tactique et stratégique.</marc:subfield></marc:datafield><marc:datafield tag="260" ind1=" " ind2=" "><marc:subfield code="a">Asnières-sur-Seine :</marc:subfield><marc:subfield code="b">Institut d&apos;histoire des conflits contemporains,</marc:subfield><marc:subfield code="c">2025.</marc:subfield></marc:datafield><marc:datafield tag="300" ind1=" " ind2=" "><marc:subfield code="a">173 p.: ill.</marc:subfield></marc:datafield><marc:datafield tag="490" ind1="0" ind2=" "><marc:subfield code="a">Guerres mondiales et conflits contemporains ;</marc:subfield><marc:subfield code="v">297</marc:subfield><marc:subfield code="x">0984-2292</marc:subfield></marc:datafield><marc:datafield tag="920" ind1=" " ind2=" "><marc:subfield code="a">book</marc:subfield></marc:datafield></marc:record>