<marc:record><marc:leader>00693nam a2200205u  4500</marc:leader><marc:controlfield tag="005">20250918232135.0</marc:controlfield><marc:controlfield tag="008">990706s1907    fr |||||r|   |000 ||fre|c</marc:controlfield><marc:controlfield tag="001">990036759780409161</marc:controlfield><marc:datafield tag="035" ind1=" " ind2=" "><marc:subfield code="a">(RUG01)003675978</marc:subfield></marc:datafield><marc:datafield tag="035" ind1=" " ind2=" "><marc:subfield code="a">(BeLVLBS)002060389LBS01-Aleph</marc:subfield></marc:datafield><marc:datafield tag="035" ind1=" " ind2=" "><marc:subfield code="a">(origID)7986995</marc:subfield></marc:datafield><marc:datafield tag="040" ind1=" " ind2=" "><marc:subfield code="a">BeLVLBS</marc:subfield><marc:subfield code="b">Language of cataloging varies</marc:subfield><marc:subfield code="e">rda based</marc:subfield></marc:datafield><marc:datafield tag="100" ind1="1" ind2=" "><marc:subfield code="a">Bouloumié, Pierre,</marc:subfield><marc:subfield code="c">Dr.,</marc:subfield><marc:subfield code="d">1844-1929</marc:subfield><marc:subfield code="0">(viaf)73843642</marc:subfield></marc:datafield><marc:datafield tag="245" ind1="1" ind2="0"><marc:subfield code="a">Artério-sclérose et arthritisme /</marc:subfield><marc:subfield code="c">par P. Bouloumié.</marc:subfield></marc:datafield><marc:datafield tag="260" ind1=" " ind2=" "><marc:subfield code="a">Paris :</marc:subfield><marc:subfield code="b">de Rudeval,</marc:subfield><marc:subfield code="c">1907.</marc:subfield></marc:datafield><marc:datafield tag="300" ind1=" " ind2=" "><marc:subfield code="a">152 p.: ill.</marc:subfield></marc:datafield><marc:datafield tag="500" ind1=" " ind2=" "><marc:subfield code="a">Clinique de Vittel</marc:subfield></marc:datafield><marc:datafield tag="561" ind1=" " ind2=" "><marc:subfield code="3">BIB.S.060893</marc:subfield><marc:subfield code="a">Herkomst: Archief Frank Uytterhaege</marc:subfield></marc:datafield><marc:datafield tag="920" ind1=" " ind2=" "><marc:subfield code="a">book</marc:subfield></marc:datafield><marc:datafield tag="SID" ind1=" " ind2=" "><marc:subfield code="a">Z39</marc:subfield><marc:subfield code="b">32KUL_LIBIS_NETWORK</marc:subfield></marc:datafield></marc:record>