<marc:record><marc:leader>00586nab a2200169 a 4500</marc:leader><marc:controlfield tag="005">20250918114925.0</marc:controlfield><marc:controlfield tag="008">250819nuuuuuuuuxx |||||r|||||||| ||fre|d</marc:controlfield><marc:controlfield tag="001">990036759770409161</marc:controlfield><marc:datafield tag="035" ind1=" " ind2=" "><marc:subfield code="a">(RUG01)003675977</marc:subfield></marc:datafield><marc:datafield tag="040" ind1=" " ind2=" "><marc:subfield code="a">BE-GnUNI</marc:subfield></marc:datafield><marc:datafield tag="100" ind1="1" ind2=" "><marc:subfield code="a">Van Schoubroeck, M. L.,</marc:subfield><marc:subfield code="d">....-</marc:subfield><marc:subfield code="0">(viaf)0</marc:subfield></marc:datafield><marc:datafield tag="245" ind1="1" ind2="0"><marc:subfield code="a">Note sur l&apos;emploi du fer forgé pour les flèches des ponts-levis /</marc:subfield><marc:subfield code="c">par M. L. Van Schoubroeck.</marc:subfield></marc:datafield><marc:datafield tag="260" ind1=" " ind2=" "><marc:subfield code="a">S.l. :</marc:subfield><marc:subfield code="b">s.n.,</marc:subfield><marc:subfield code="c">n.d.</marc:subfield></marc:datafield><marc:datafield tag="300" ind1=" " ind2=" "><marc:subfield code="a">9 p.: ill.</marc:subfield></marc:datafield><marc:datafield tag="500" ind1=" " ind2=" "><marc:subfield code="a">Extrait des Annales des travaux publics de Belgique</marc:subfield></marc:datafield><marc:datafield tag="561" ind1=" " ind2=" "><marc:subfield code="3">BIB.S.060892</marc:subfield><marc:subfield code="a">Herkomst: Archief Frank Uytterhaege</marc:subfield></marc:datafield><marc:datafield tag="920" ind1=" " ind2=" "><marc:subfield code="a">article</marc:subfield></marc:datafield></marc:record>