<marc:record><marc:leader>00584nab a2200169 a 4500</marc:leader><marc:controlfield tag="005">20250926160526.0</marc:controlfield><marc:controlfield tag="008">250819s1885    be |||||r|||||||| ||fre|d</marc:controlfield><marc:controlfield tag="001">990036759740409161</marc:controlfield><marc:datafield tag="035" ind1=" " ind2=" "><marc:subfield code="a">(RUG01)003675974</marc:subfield></marc:datafield><marc:datafield tag="040" ind1=" " ind2=" "><marc:subfield code="a">BE-GnUNI</marc:subfield></marc:datafield><marc:datafield tag="100" ind1="1" ind2=" "><marc:subfield code="a">Henrijean, François,</marc:subfield><marc:subfield code="d">1860-1932</marc:subfield><marc:subfield code="0">(viaf)173265238</marc:subfield></marc:datafield><marc:datafield tag="245" ind1="1" ind2="0"><marc:subfield code="a">Contribution à l&apos;étude du micrococcus de Friedländer /</marc:subfield><marc:subfield code="c">par F. Henrijean.</marc:subfield></marc:datafield><marc:datafield tag="260" ind1=" " ind2=" "><marc:subfield code="a">Gand :</marc:subfield><marc:subfield code="b">Vanderpoorten,</marc:subfield><marc:subfield code="c">1885.</marc:subfield></marc:datafield><marc:datafield tag="300" ind1=" " ind2=" "><marc:subfield code="a">P. 477-496.</marc:subfield></marc:datafield><marc:datafield tag="500" ind1=" " ind2=" "><marc:subfield code="a">Extrait des Archives de Biologie, tome VI, 1885</marc:subfield></marc:datafield><marc:datafield tag="561" ind1=" " ind2=" "><marc:subfield code="a">Herkomst: Archief Frank Uytterhaege</marc:subfield><marc:subfield code="3">BIB.G.055054</marc:subfield></marc:datafield><marc:datafield tag="920" ind1=" " ind2=" "><marc:subfield code="a">article</marc:subfield></marc:datafield></marc:record>