<marc:record><marc:leader>00623nab a2200169 a 4500</marc:leader><marc:controlfield tag="005">20250918114928.0</marc:controlfield><marc:controlfield tag="008">250819s1890    be |||||r|||||||| ||fre|d</marc:controlfield><marc:controlfield tag="001">990036759720409161</marc:controlfield><marc:datafield tag="035" ind1=" " ind2=" "><marc:subfield code="a">(RUG01)003675972</marc:subfield></marc:datafield><marc:datafield tag="040" ind1=" " ind2=" "><marc:subfield code="a">BE-GnUNI</marc:subfield></marc:datafield><marc:datafield tag="100" ind1="1" ind2=" "><marc:subfield code="a">Demoulin, Alphonse,</marc:subfield><marc:subfield code="d">1869-1947</marc:subfield><marc:subfield code="0">(viaf)67917640</marc:subfield></marc:datafield><marc:datafield tag="245" ind1="1" ind2="0"><marc:subfield code="a">Sur la courbure des lignes planes /</marc:subfield><marc:subfield code="c">par Alphonse Demoulin.</marc:subfield></marc:datafield><marc:datafield tag="260" ind1=" " ind2=" "><marc:subfield code="a">Bruxelles :</marc:subfield><marc:subfield code="b">Hayez,</marc:subfield><marc:subfield code="c">1890.</marc:subfield></marc:datafield><marc:datafield tag="300" ind1=" " ind2=" "><marc:subfield code="a">48 p.</marc:subfield></marc:datafield><marc:datafield tag="500" ind1=" " ind2=" "><marc:subfield code="a">Extrait du tome XLIV des Mémoires couronnés et autres Mémoires publiés par l&apos;Académie royale de Belgique, 1890</marc:subfield></marc:datafield><marc:datafield tag="561" ind1=" " ind2=" "><marc:subfield code="3">BIB.S.060890</marc:subfield><marc:subfield code="a">Herkomst: Archief Frank Uytterhaege</marc:subfield></marc:datafield><marc:datafield tag="920" ind1=" " ind2=" "><marc:subfield code="a">article</marc:subfield></marc:datafield></marc:record>