<marc:record><marc:leader>00610nab a2200169 a 4500</marc:leader><marc:controlfield tag="005">20250926160439.0</marc:controlfield><marc:controlfield tag="008">250819s1890    be |||||r|||||||| ||fre|d</marc:controlfield><marc:controlfield tag="001">990036759710409161</marc:controlfield><marc:datafield tag="035" ind1=" " ind2=" "><marc:subfield code="a">(RUG01)003675971</marc:subfield></marc:datafield><marc:datafield tag="040" ind1=" " ind2=" "><marc:subfield code="a">BE-GnUNI</marc:subfield></marc:datafield><marc:datafield tag="100" ind1="1" ind2=" "><marc:subfield code="a">Haerens, E.,</marc:subfield><marc:subfield code="d">....-</marc:subfield><marc:subfield code="0">(viaf)0</marc:subfield></marc:datafield><marc:datafield tag="245" ind1="1" ind2="4"><marc:subfield code="a">Les fondations à l&apos;air comprimé /</marc:subfield><marc:subfield code="c">par E. Haerens.</marc:subfield></marc:datafield><marc:datafield tag="260" ind1=" " ind2=" "><marc:subfield code="a">Gand :</marc:subfield><marc:subfield code="b">Annoot-Braeckman,</marc:subfield><marc:subfield code="c">1890.</marc:subfield></marc:datafield><marc:datafield tag="300" ind1=" " ind2=" "><marc:subfield code="a">51 p.: ill.</marc:subfield></marc:datafield><marc:datafield tag="500" ind1=" " ind2=" "><marc:subfield code="a">Extrait des Annales de l&apos;Association des Ingénieurs sortis des Ecoles spéciales de Gand, tome XIII, IIe fascicule</marc:subfield></marc:datafield><marc:datafield tag="561" ind1=" " ind2=" "><marc:subfield code="a">Herkomst: Archief Frank Uytterhaege</marc:subfield><marc:subfield code="3">BIB.G.055053</marc:subfield></marc:datafield><marc:datafield tag="920" ind1=" " ind2=" "><marc:subfield code="a">article</marc:subfield></marc:datafield></marc:record>