<marc:record><marc:leader>00722nab a2200169 a 4500</marc:leader><marc:controlfield tag="005">20250918114924.0</marc:controlfield><marc:controlfield tag="008">250819s1869    it |||||r|||||||| ||ita|d</marc:controlfield><marc:controlfield tag="001">990036759690409161</marc:controlfield><marc:datafield tag="035" ind1=" " ind2=" "><marc:subfield code="a">(RUG01)003675969</marc:subfield></marc:datafield><marc:datafield tag="040" ind1=" " ind2=" "><marc:subfield code="a">BE-GnUNI</marc:subfield></marc:datafield><marc:datafield tag="100" ind1="1" ind2=" "><marc:subfield code="a">Profeta, Giuseppe,</marc:subfield><marc:subfield code="d">....-</marc:subfield><marc:subfield code="0">(viaf)1806159477591727990007</marc:subfield></marc:datafield><marc:datafield tag="245" ind1="1" ind2="0"><marc:subfield code="a">Sui prodotti di secrezione normale e patologica degli individui sifilitici :</marc:subfield><marc:subfield code="b">lettera [...] all&apos;illustre Victor de Méric di Londra /</marc:subfield><marc:subfield code="c">del Dr. Giuseppe Profeta.</marc:subfield></marc:datafield><marc:datafield tag="260" ind1=" " ind2=" "><marc:subfield code="a">Palermo :</marc:subfield><marc:subfield code="b">Officio tipografico di Benedetto Lima,</marc:subfield><marc:subfield code="c">1869.</marc:subfield></marc:datafield><marc:datafield tag="300" ind1=" " ind2=" "><marc:subfield code="a">15 p.</marc:subfield></marc:datafield><marc:datafield tag="500" ind1=" " ind2=" "><marc:subfield code="a">Estratto dalla Gazzetta clinica di Palermo (Anno I, Fasc. 8e, Agosto 1869)</marc:subfield></marc:datafield><marc:datafield tag="561" ind1=" " ind2=" "><marc:subfield code="3">BIB.S.060889</marc:subfield><marc:subfield code="a">Herkomst: Archief Frank Uytterhaege</marc:subfield></marc:datafield><marc:datafield tag="920" ind1=" " ind2=" "><marc:subfield code="a">article</marc:subfield></marc:datafield></marc:record>