<marc:record><marc:leader>00731nab a2200169 a 4500</marc:leader><marc:controlfield tag="005">20250918114926.0</marc:controlfield><marc:controlfield tag="008">250819s1866    be |||||r|||||||| ||fre|d</marc:controlfield><marc:controlfield tag="001">990036759670409161</marc:controlfield><marc:datafield tag="035" ind1=" " ind2=" "><marc:subfield code="a">(RUG01)003675967</marc:subfield></marc:datafield><marc:datafield tag="040" ind1=" " ind2=" "><marc:subfield code="a">BE-GnUNI</marc:subfield></marc:datafield><marc:datafield tag="100" ind1="1" ind2=" "><marc:subfield code="a">Willems,</marc:subfield><marc:subfield code="d">....-</marc:subfield><marc:subfield code="0">(viaf)0</marc:subfield></marc:datafield><marc:datafield tag="245" ind1="1" ind2="3"><marc:subfield code="a">La question de l&apos;inoculation de la pleuropneumonie exsudative devant l&apos;Académie royale de Médecine de Belgique :</marc:subfield><marc:subfield code="b">discours [...] (prononcé à la séance du 25 novembre 1865) /</marc:subfield><marc:subfield code="c">du docteur Willems.</marc:subfield></marc:datafield><marc:datafield tag="260" ind1=" " ind2=" "><marc:subfield code="a">Bruxelles :</marc:subfield><marc:subfield code="b">Manceaux,</marc:subfield><marc:subfield code="c">1866.</marc:subfield></marc:datafield><marc:datafield tag="300" ind1=" " ind2=" "><marc:subfield code="a">48 p.</marc:subfield></marc:datafield><marc:datafield tag="500" ind1=" " ind2=" "><marc:subfield code="a">Extrait du Bulletin de l&apos;Académie royale de médecine de Belgique, deuxième série, tome VIII, no 10</marc:subfield></marc:datafield><marc:datafield tag="561" ind1=" " ind2=" "><marc:subfield code="3">BIB.S.060888</marc:subfield><marc:subfield code="a">Herkomst: Archief Frank Uytterhaege</marc:subfield></marc:datafield><marc:datafield tag="920" ind1=" " ind2=" "><marc:subfield code="a">article</marc:subfield></marc:datafield></marc:record>