<marc:record><marc:leader>00000nam a22      a 4500</marc:leader><marc:controlfield tag="005">20250819110027.0</marc:controlfield><marc:controlfield tag="008">250819|1832||||be |||||||||||||| ||fre|d</marc:controlfield><marc:controlfield tag="001">990036759630409161</marc:controlfield><marc:datafield tag="035" ind1=" " ind2=" "><marc:subfield code="a">(BE-GnUNI)003675963</marc:subfield></marc:datafield><marc:datafield tag="035" ind1=" " ind2=" "><marc:subfield code="a">(BE-GnUNI)003675963RUG01</marc:subfield></marc:datafield><marc:datafield tag="035" ind1=" " ind2=" "><marc:subfield code="a">(BKT01)000063109</marc:subfield></marc:datafield><marc:datafield tag="040" ind1=" " ind2=" "><marc:subfield code="a">BE-GnUNI</marc:subfield></marc:datafield><marc:datafield tag="245" ind1="0" ind2="0"><marc:subfield code="k">[catalog]</marc:subfield><marc:subfield code="a">Catalogue des livres, ... une nombreuse collection d&apos;instrumens de chirurgie, ... le tout délaissé par feu M. Guillaume Demanet :</marc:subfield><marc:subfield code="b">le lundi 19 mars 1832.</marc:subfield></marc:datafield><marc:datafield tag="260" ind1=" " ind2=" "><marc:subfield code="a">Gand :</marc:subfield><marc:subfield code="b">Veuve de Goesin,</marc:subfield><marc:subfield code="c">1832.</marc:subfield></marc:datafield><marc:datafield tag="300" ind1=" " ind2=" "><marc:subfield code="a">79, 10 p. ; 8°.</marc:subfield></marc:datafield><marc:datafield tag="500" ind1=" " ind2=" "><marc:subfield code="a">BIB.G.010538/2 bevat een supplement van 16 p.</marc:subfield></marc:datafield><marc:datafield tag="540" ind1=" " ind2=" "><marc:subfield code="a">NOC-NC</marc:subfield></marc:datafield><marc:datafield tag="591" ind1=" " ind2=" "><marc:subfield code="a">Europeana-GoogleBooks</marc:subfield></marc:datafield><marc:datafield tag="655" ind1=" " ind2="7"><marc:subfield code="a">Catalogs.</marc:subfield><marc:subfield code="2">UGENTSC</marc:subfield></marc:datafield><marc:datafield tag="655" ind1=" " ind2="7"><marc:subfield code="a">Sales and auction catalogs.</marc:subfield><marc:subfield code="2">UGENTSC</marc:subfield></marc:datafield><marc:datafield tag="856" ind1="4" ind2=" "><marc:subfield code="u">https://books.google.be/books?vid=GENT900000159792</marc:subfield><marc:subfield code="3">Full text</marc:subfield><marc:subfield code="y">BIB.G.010534/9</marc:subfield></marc:datafield><marc:datafield tag="856" ind1="4" ind2=" "><marc:subfield code="u">https://books.google.be/books?vid=GENT900000159811</marc:subfield><marc:subfield code="3">Full text</marc:subfield><marc:subfield code="y">BIB.G.010538/2</marc:subfield></marc:datafield><marc:datafield tag="920" ind1=" " ind2=" "><marc:subfield code="a">book</marc:subfield></marc:datafield><marc:datafield tag="773" ind1="1" ind2="8"><marc:subfield code="w">990036759530409161</marc:subfield><marc:subfield code="t">Deel BIB.G.010534/9 van verzamelband BIB.G.010534/-12</marc:subfield><marc:subfield code="g">pt:Deel BIB.G.010534/9: Catalogue des livres, ... une nombreuse collection d&apos;instrumens de chirurgie, ... le tout délaissé par feu M. Guillaume Demanet : le lundi 19 mars 1832.</marc:subfield><marc:subfield code="g">iss:09</marc:subfield></marc:datafield></marc:record>