<marc:record><marc:leader>00000nam a22      a 4500</marc:leader><marc:controlfield tag="005">20250819105630.0</marc:controlfield><marc:controlfield tag="008">250819|1831||||be |||||||||||||| ||fre|d</marc:controlfield><marc:controlfield tag="001">990036759610409161</marc:controlfield><marc:datafield tag="035" ind1=" " ind2=" "><marc:subfield code="a">(BE-GnUNI)003675961</marc:subfield></marc:datafield><marc:datafield tag="035" ind1=" " ind2=" "><marc:subfield code="a">(BE-GnUNI)003675961RUG01</marc:subfield></marc:datafield><marc:datafield tag="035" ind1=" " ind2=" "><marc:subfield code="a">(BKT01)000373400</marc:subfield></marc:datafield><marc:datafield tag="040" ind1=" " ind2=" "><marc:subfield code="a">BE-GnUNI</marc:subfield></marc:datafield><marc:datafield tag="245" ind1="0" ind2="0"><marc:subfield code="k">[catalog]</marc:subfield><marc:subfield code="a">Catalogue de livres, ... délaissés par plusieurs défunts. :</marc:subfield><marc:subfield code="b">lundi 14 novembre 1831.</marc:subfield></marc:datafield><marc:datafield tag="260" ind1=" " ind2=" "><marc:subfield code="a">Gand :</marc:subfield><marc:subfield code="b">Veuve de Goesin,</marc:subfield><marc:subfield code="c">1831.</marc:subfield></marc:datafield><marc:datafield tag="300" ind1=" " ind2=" "><marc:subfield code="a">28 p. ; 8°.</marc:subfield></marc:datafield><marc:datafield tag="540" ind1=" " ind2=" "><marc:subfield code="a">NOC-NC</marc:subfield></marc:datafield><marc:datafield tag="591" ind1=" " ind2=" "><marc:subfield code="a">Europeana-GoogleBooks</marc:subfield></marc:datafield><marc:datafield tag="655" ind1=" " ind2="7"><marc:subfield code="a">Catalogs.</marc:subfield><marc:subfield code="2">UGENTSC</marc:subfield></marc:datafield><marc:datafield tag="655" ind1=" " ind2="7"><marc:subfield code="a">Sales and auction catalogs.</marc:subfield><marc:subfield code="2">UGENTSC</marc:subfield></marc:datafield><marc:datafield tag="856" ind1="4" ind2=" "><marc:subfield code="u">https://books.google.be/books?vid=GENT900000159790</marc:subfield><marc:subfield code="3">Full text</marc:subfield><marc:subfield code="y">BIB.G.010534/7</marc:subfield></marc:datafield><marc:datafield tag="856" ind1="4" ind2=" "><marc:subfield code="u">https://books.google.be/books?vid=GENT900000159804</marc:subfield><marc:subfield code="3">Full text</marc:subfield><marc:subfield code="y">BIB.G.010535/8</marc:subfield></marc:datafield><marc:datafield tag="920" ind1=" " ind2=" "><marc:subfield code="a">book</marc:subfield></marc:datafield><marc:datafield tag="773" ind1="1" ind2="8"><marc:subfield code="w">990036759530409161</marc:subfield><marc:subfield code="t">Deel BIB.G.010534/7 van verzamelband BIB.G.010534/-12</marc:subfield><marc:subfield code="g">pt:Deel BIB.G.010534/7: Catalogue de livres, ... délaissés par plusieurs défunts. : lundi 14 novembre 1831.</marc:subfield><marc:subfield code="g">iss:07</marc:subfield></marc:datafield></marc:record>