<marc:record><marc:leader>02507cam a22003377i 4500</marc:leader><marc:controlfield tag="005">20250922153655.0</marc:controlfield><marc:controlfield tag="008">250409s2025    mau    |ob   |001 ||eng|d</marc:controlfield><marc:controlfield tag="001">990036759560409161</marc:controlfield><marc:datafield tag="SID" ind1=" " ind2=" "><marc:subfield code="a">Z39</marc:subfield><marc:subfield code="b">01HVD_INST</marc:subfield></marc:datafield><marc:datafield tag="020" ind1=" " ind2=" "><marc:subfield code="a">9781682539644</marc:subfield><marc:subfield code="q">pbk</marc:subfield></marc:datafield><marc:datafield tag="020" ind1=" " ind2=" "><marc:subfield code="a">1682539644</marc:subfield></marc:datafield><marc:datafield tag="035" ind1=" " ind2=" "><marc:subfield code="a">(RUG01)003675956</marc:subfield></marc:datafield><marc:datafield tag="035" ind1=" " ind2=" "><marc:subfield code="a">(OCoLC)1512064957</marc:subfield></marc:datafield><marc:datafield tag="040" ind1=" " ind2=" "><marc:subfield code="a">YDX</marc:subfield><marc:subfield code="b">eng</marc:subfield><marc:subfield code="c">YDX</marc:subfield><marc:subfield code="d">YDX</marc:subfield><marc:subfield code="d">OCLCO</marc:subfield><marc:subfield code="e">rda</marc:subfield><marc:subfield code="e">pn</marc:subfield></marc:datafield><marc:datafield tag="043" ind1=" " ind2=" "><marc:subfield code="a">n-us---</marc:subfield></marc:datafield><marc:datafield tag="050" ind1=" " ind2="4"><marc:subfield code="a">LB1582.U6</marc:subfield><marc:subfield code="b">S54 2025</marc:subfield></marc:datafield><marc:datafield tag="082" ind1="0" ind2="4"><marc:subfield code="a">907.1/273</marc:subfield><marc:subfield code="2">23/eng/20250304</marc:subfield></marc:datafield><marc:datafield tag="100" ind1="1" ind2=" "><marc:subfield code="a">Santiago, Maribel,</marc:subfield><marc:subfield code="d">....-</marc:subfield><marc:subfield code="0">(viaf)85174225343311352850</marc:subfield></marc:datafield><marc:datafield tag="245" ind1="0" ind2="0"><marc:subfield code="a">Shifting the lens in history education :</marc:subfield><marc:subfield code="b">centering racial and ethnic knowledge in the classroom /</marc:subfield><marc:subfield code="c">Maribel Santiago, Tadashi Dozono.</marc:subfield></marc:datafield><marc:datafield tag="260" ind1=" " ind2=" "><marc:subfield code="a">Cambridge (Mass.) :</marc:subfield><marc:subfield code="b">Harvard education press,</marc:subfield><marc:subfield code="c">2025.</marc:subfield></marc:datafield><marc:datafield tag="300" ind1=" " ind2=" "><marc:subfield code="a">XIV, 196 p.</marc:subfield></marc:datafield><marc:datafield tag="504" ind1=" " ind2=" "><marc:subfield code="a">Includes bibliographical references and index.</marc:subfield></marc:datafield><marc:datafield tag="505" ind1="0" ind2=" "><marc:subfield code="a">The Legacy of Racial and Ethnic Community-Led Education / MaribelSantiago -- Queer of Color Horizons: Reorienting History Education Through Queer of Color Methods / Tadashi Dozono -- Expecting Indigenous Presence: Indigenous Pasts, Presents, and Futures in K-12 SocialStudies / Meredith L. McCoy -- We Have Joy but What About Rage?: Using a Critical Analysis of Racialized Emotions (CARE) to Teach BlackHistories / Brittany Jones, Dawnavyn James, LaGarrett J. King, and Daphanie Bibbs -- Remediating/&quot;Remediando&quot; Latinx Blackness: Everyday AfroIndigenous Spiritual Practice as History Pedagogy / Eliana Castro and Krista L. Cortes -- Embracing Palestinian Oral Histories andNarratives in History Education / Muna Saleh -- Centering Pinxy Narratives: Kuwentos and Kuwentuhan in History Education / Jocyl Sacramento and Lauren Arzaga Daus -- Testimonio as Healing Praxis in History Classrooms / M. Yianella Blanco</marc:subfield></marc:datafield><marc:datafield tag="520" ind1=" " ind2=" "><marc:subfield code="a">&quot;In Shifting the Lens in History Education, Maribel Santiago and Tadashi Dozono curate a collection of essays that re-envision the teaching and learning of history by centering knowledge from racially and ethnically marginalized communities&quot;--Provided by publisher.</marc:subfield></marc:datafield><marc:datafield tag="588" ind1=" " ind2=" "><marc:subfield code="a">Description based on online resource; title from digital title page (viewed on April 17, 2025).</marc:subfield></marc:datafield><marc:datafield tag="650" ind1=" " ind2="0"><marc:subfield code="a">Children of minorities</marc:subfield><marc:subfield code="x">Education</marc:subfield><marc:subfield code="z">United States.</marc:subfield></marc:datafield><marc:datafield tag="650" ind1=" " ind2="0"><marc:subfield code="a">Educational change</marc:subfield><marc:subfield code="z">United States.</marc:subfield></marc:datafield><marc:datafield tag="650" ind1=" " ind2="0"><marc:subfield code="a">History</marc:subfield><marc:subfield code="x">Study and teaching (Elementary)</marc:subfield><marc:subfield code="z">United States.</marc:subfield></marc:datafield><marc:datafield tag="650" ind1=" " ind2="0"><marc:subfield code="a">History</marc:subfield><marc:subfield code="x">Study and teaching (Secondary)</marc:subfield><marc:subfield code="z">United States.</marc:subfield></marc:datafield><marc:datafield tag="700" ind1="1" ind2=" "><marc:subfield code="a">Dozono, Tadashi,</marc:subfield><marc:subfield code="d">....-</marc:subfield><marc:subfield code="0">(viaf)15170000716671902636</marc:subfield></marc:datafield><marc:datafield tag="920" ind1=" " ind2=" "><marc:subfield code="a">book</marc:subfield></marc:datafield></marc:record>