<marc:record><marc:leader>00825nam a2200217 u 4500</marc:leader><marc:controlfield tag="005">20250917143128.0</marc:controlfield><marc:controlfield tag="008">250319s2025    be     |r|   |000 ||dut|d</marc:controlfield><marc:controlfield tag="001">990036759550409161</marc:controlfield><marc:datafield tag="020" ind1=" " ind2=" "><marc:subfield code="a">9789464707588</marc:subfield><marc:subfield code="q">pbk</marc:subfield></marc:datafield><marc:datafield tag="035" ind1=" " ind2=" "><marc:subfield code="a">(RUG01)003675955</marc:subfield></marc:datafield><marc:datafield tag="035" ind1=" " ind2=" "><marc:subfield code="a">(RUG01)003675955RUG01</marc:subfield></marc:datafield><marc:datafield tag="035" ind1=" " ind2=" "><marc:subfield code="a">(BeLVLBS)9994419193201471</marc:subfield></marc:datafield><marc:datafield tag="040" ind1=" " ind2=" "><marc:subfield code="a">BeLVLBS</marc:subfield><marc:subfield code="b">Language of cataloging varies</marc:subfield><marc:subfield code="e">rda based</marc:subfield></marc:datafield><marc:datafield tag="100" ind1="1" ind2=" "><marc:subfield code="a">Van Nieuwenhuyse, Karel,</marc:subfield><marc:subfield code="d">1975-</marc:subfield><marc:subfield code="0">(viaf)36440698</marc:subfield></marc:datafield><marc:datafield tag="245" ind1="1" ind2="0"><marc:subfield code="a">Actief historisch denken :</marc:subfield><marc:subfield code="b">krachtige werkvormen voor effectief geschiedenisonderwijs /</marc:subfield><marc:subfield code="c">Karel Van Nieuwenhuyse (red.) ; Toon De Smet, Anne Kohlbacher e.a.</marc:subfield></marc:datafield><marc:datafield tag="260" ind1=" " ind2=" "><marc:subfield code="a">Wommelgem :</marc:subfield><marc:subfield code="b">Van In,</marc:subfield><marc:subfield code="c">2025.</marc:subfield></marc:datafield><marc:datafield tag="300" ind1=" " ind2=" "><marc:subfield code="a">320 p.: ill.</marc:subfield></marc:datafield><marc:datafield tag="700" ind1="1" ind2=" "><marc:subfield code="a">De Smet, Toon,</marc:subfield><marc:subfield code="d">....-</marc:subfield><marc:subfield code="0">(viaf)NIV</marc:subfield></marc:datafield><marc:datafield tag="700" ind1="1" ind2=" "><marc:subfield code="a">Kohlbacher, Anne,</marc:subfield><marc:subfield code="d">1974-</marc:subfield><marc:subfield code="0">(viaf)NIV</marc:subfield></marc:datafield><marc:datafield tag="920" ind1=" " ind2=" "><marc:subfield code="a">book</marc:subfield></marc:datafield><marc:datafield tag="SID" ind1=" " ind2=" "><marc:subfield code="a">Z39</marc:subfield><marc:subfield code="b">32KUL_LIBIS_NETWORK</marc:subfield></marc:datafield></marc:record>