<marc:record><marc:leader>01010ntm a2200229 a 4500</marc:leader><marc:controlfield tag="005">20250918120635.0</marc:controlfield><marc:controlfield tag="008">250806q18511877be |||||||||||||| ||dut|d</marc:controlfield><marc:controlfield tag="001">990036759520409161</marc:controlfield><marc:datafield tag="035" ind1=" " ind2=" "><marc:subfield code="a">(RUG01)003675952</marc:subfield></marc:datafield><marc:datafield tag="040" ind1=" " ind2=" "><marc:subfield code="a">BE-GnUNI</marc:subfield></marc:datafield><marc:datafield tag="100" ind1="1" ind2=" "><marc:subfield code="a">de Lamartine, Alphonse Marie Louise,</marc:subfield><marc:subfield code="d">1790-1869</marc:subfield><marc:subfield code="0">(viaf)95150108</marc:subfield></marc:datafield><marc:datafield tag="245" ind1="1" ind2="4"><marc:subfield code="a">Het meer /</marc:subfield><marc:subfield code="c">naer het fransch van Alph. de Lamartine door F. Carrein.</marc:subfield></marc:datafield><marc:datafield tag="260" ind1=" " ind2=" "><marc:subfield code="c">[3e kwart 19e eeuw].</marc:subfield></marc:datafield><marc:datafield tag="300" ind1=" " ind2=" "><marc:subfield code="a">1 bl.</marc:subfield></marc:datafield><marc:datafield tag="340" ind1=" " ind2=" "><marc:subfield code="a">Papier</marc:subfield></marc:datafield><marc:datafield tag="500" ind1=" " ind2=" "><marc:subfield code="a">Gift van de heer Arthur Van de Velde, van Brugge, aan de Bestendige Commissie voor Geschiedenis, Bio- en Bibliographie op 18 januari 1905. Zij hebben het op hun beurt geschonken hebben aan de Koninklijke Academie voor Nederlandse Taal en Letteren in 1905.</marc:subfield></marc:datafield><marc:datafield tag="561" ind1=" " ind2=" "><marc:subfield code="3">BHSL.HS.4993</marc:subfield><marc:subfield code="a">Herkomst: Koninklijke Academie voor Nederlandse Taal- en Letterkunde 20/03/2024.</marc:subfield></marc:datafield><marc:datafield tag="591" ind1=" " ind2=" "><marc:subfield code="a">Bijzondere collecties</marc:subfield></marc:datafield><marc:datafield tag="655" ind1=" " ind2="7"><marc:subfield code="a">Manuscripts.</marc:subfield><marc:subfield code="2">UGENTSC</marc:subfield></marc:datafield><marc:datafield tag="700" ind1="1" ind2=" "><marc:subfield code="a">Carrein, Frans,</marc:subfield><marc:subfield code="d">1816-1877</marc:subfield><marc:subfield code="0">(viaf)0</marc:subfield><marc:subfield code="4">trl</marc:subfield></marc:datafield><marc:datafield tag="765" ind1="0" ind2="8"><marc:subfield code="a">Le Lac</marc:subfield></marc:datafield><marc:datafield tag="920" ind1=" " ind2=" "><marc:subfield code="a">manuscript</marc:subfield></marc:datafield></marc:record>