<marc:record><marc:leader>00648nab a2200169 a 4500</marc:leader><marc:controlfield tag="005">20250918114927.0</marc:controlfield><marc:controlfield tag="008">250819s1893    fr |||||r|||||||| ||fre|d</marc:controlfield><marc:controlfield tag="001">990036759490409161</marc:controlfield><marc:datafield tag="035" ind1=" " ind2=" "><marc:subfield code="a">(RUG01)003675949</marc:subfield></marc:datafield><marc:datafield tag="040" ind1=" " ind2=" "><marc:subfield code="a">BE-GnUNI</marc:subfield></marc:datafield><marc:datafield tag="100" ind1="1" ind2=" "><marc:subfield code="a">Pozzi, S.,</marc:subfield><marc:subfield code="d">....-</marc:subfield><marc:subfield code="0">(viaf)0</marc:subfield></marc:datafield><marc:datafield tag="245" ind1="1" ind2="0"><marc:subfield code="a">Des opérations conservatrices de l&apos;ovaire (résection, ignipuncture) :</marc:subfield><marc:subfield code="b">communication faite à l&apos;Académie de médecine, le 21 février 1893 /</marc:subfield><marc:subfield code="c">par S. Pozzi.</marc:subfield></marc:datafield><marc:datafield tag="260" ind1=" " ind2=" "><marc:subfield code="a">Paris :</marc:subfield><marc:subfield code="b">Steinheil,</marc:subfield><marc:subfield code="c">1893.</marc:subfield></marc:datafield><marc:datafield tag="300" ind1=" " ind2=" "><marc:subfield code="a">12 p.</marc:subfield></marc:datafield><marc:datafield tag="500" ind1=" " ind2=" "><marc:subfield code="a">Extrait des Ann. de Gynécologie et d&apos;Obstétrique, mars 1893</marc:subfield></marc:datafield><marc:datafield tag="561" ind1=" " ind2=" "><marc:subfield code="3">BIB.S.060632</marc:subfield><marc:subfield code="a">Herkomst: Archief Frank Uytterhaege</marc:subfield></marc:datafield><marc:datafield tag="920" ind1=" " ind2=" "><marc:subfield code="a">article</marc:subfield></marc:datafield></marc:record>