<marc:record><marc:leader>00418nam a2200157 a 4500</marc:leader><marc:controlfield tag="005">20250918232137.0</marc:controlfield><marc:controlfield tag="008">250818|2014||||xx |||||r|||||||| ||eng|d</marc:controlfield><marc:controlfield tag="001">990036759460409161</marc:controlfield><marc:datafield tag="020" ind1=" " ind2=" "><marc:subfield code="a">9781349475506</marc:subfield></marc:datafield><marc:datafield tag="035" ind1=" " ind2=" "><marc:subfield code="a">(RUG01)003675946</marc:subfield></marc:datafield><marc:datafield tag="040" ind1=" " ind2=" "><marc:subfield code="a">BE-GnUNI</marc:subfield></marc:datafield><marc:datafield tag="100" ind1="1" ind2=" "><marc:subfield code="a">Beer, David,</marc:subfield><marc:subfield code="d">....-</marc:subfield><marc:subfield code="0">(viaf)</marc:subfield></marc:datafield><marc:datafield tag="245" ind1="1" ind2="0"><marc:subfield code="a">Punk sociology /</marc:subfield><marc:subfield code="c">David Beer.</marc:subfield></marc:datafield><marc:datafield tag="260" ind1=" " ind2=" "><marc:subfield code="a">Basingstoke :</marc:subfield><marc:subfield code="b">Palgrave Macmillan,</marc:subfield><marc:subfield code="c">2014.</marc:subfield></marc:datafield><marc:datafield tag="300" ind1=" " ind2=" "><marc:subfield code="a">89 p.</marc:subfield></marc:datafield><marc:datafield tag="920" ind1=" " ind2=" "><marc:subfield code="a">book</marc:subfield></marc:datafield></marc:record>