<marc:record><marc:leader>03854cam a2200361 i 4500</marc:leader><marc:controlfield tag="005">20251010104818.0</marc:controlfield><marc:controlfield tag="008">240307s2025    njua   |rb   |001 ||eng||</marc:controlfield><marc:controlfield tag="001">990036759380409161</marc:controlfield><marc:datafield tag="SID" ind1=" " ind2=" "><marc:subfield code="a">Z39</marc:subfield><marc:subfield code="b">LOC</marc:subfield></marc:datafield><marc:datafield tag="010" ind1=" " ind2=" "><marc:subfield code="a">2024003639</marc:subfield></marc:datafield><marc:datafield tag="020" ind1=" " ind2=" "><marc:subfield code="a">9781978840935</marc:subfield><marc:subfield code="q">(paperback ;</marc:subfield><marc:subfield code="q">acidfree paper)</marc:subfield></marc:datafield><marc:datafield tag="035" ind1=" " ind2=" "><marc:subfield code="a">(RUG01)003675938</marc:subfield></marc:datafield><marc:datafield tag="035" ind1=" " ind2=" "><marc:subfield code="a">23595302</marc:subfield></marc:datafield><marc:datafield tag="040" ind1=" " ind2=" "><marc:subfield code="a">DLC</marc:subfield><marc:subfield code="b">eng</marc:subfield><marc:subfield code="c">DLC</marc:subfield><marc:subfield code="d">DLC</marc:subfield><marc:subfield code="e">rda</marc:subfield></marc:datafield><marc:datafield tag="042" ind1=" " ind2=" "><marc:subfield code="a">pcc</marc:subfield></marc:datafield><marc:datafield tag="050" ind1="0" ind2="0"><marc:subfield code="a">GN485</marc:subfield><marc:subfield code="b">.D68 2025</marc:subfield></marc:datafield><marc:datafield tag="082" ind1="0" ind2="0"><marc:subfield code="a">571.8/781</marc:subfield><marc:subfield code="2">23/eng/20240615</marc:subfield></marc:datafield><marc:datafield tag="245" ind1="0" ind2="0"><marc:subfield code="a">More-than-human-aging :</marc:subfield><marc:subfield code="b">animals, robots, and care in later life /</marc:subfield><marc:subfield code="c">edited by Cristina Douglas and Andrew Whitehouse ; foreword by Jay Sokolovsky ; afteword by Susan McHugh.</marc:subfield></marc:datafield><marc:datafield tag="260" ind1=" " ind2="1"><marc:subfield code="a">New Brunswick (N.J.) :</marc:subfield><marc:subfield code="b">Rutgers University Press,</marc:subfield><marc:subfield code="c">2025</marc:subfield></marc:datafield><marc:datafield tag="264" ind1=" " ind2="1"><marc:subfield code="a">New Brunswick :</marc:subfield><marc:subfield code="b">Rutgers University Press,</marc:subfield><marc:subfield code="c">[2025].</marc:subfield></marc:datafield><marc:datafield tag="300" ind1=" " ind2=" "><marc:subfield code="a">Xi, 215 p. :</marc:subfield><marc:subfield code="b">ill. ;</marc:subfield><marc:subfield code="c">25 cm.</marc:subfield></marc:datafield><marc:datafield tag="490" ind1="0" ind2=" "><marc:subfield code="a">Global perspectives on aging</marc:subfield></marc:datafield><marc:datafield tag="504" ind1=" " ind2=" "><marc:subfield code="a">Includes bibliographical references and index.</marc:subfield></marc:datafield><marc:datafield tag="505" ind1="0" ind2=" "><marc:subfield code="a">Chapter 1: Introduction: Aging in more-than-human companionship / Cristina Douglas and Andrew Whitehouse -- Part 1: Humans aging in more-than-human companionship -- Chapter 2: Caring canines: Images of &apos;home&apos; in continuing care / Ardra Cole and Susan MacLeod -- Chapter 3: Becoming-old with a dog: Human-animal entanglements in later life transitions / Nete Schwennesen and Daniel López Gómez -- Chapter 4: Of dogs, humans, and lives worth living: Thinking with dogs about later life, living with dementia, and more-than-human companionship / Cristina Douglas -- Chapter 5: Aging with companion animals: More-than-human agency, digital and sensory intimacies, and care / Ingrid Richardson and Larissa Hjorth -- Chapter 6: Baby seals and armless robots: Is this what care in later life is made of? / Cathrine Degnen and Katie Brittain -- Chapter 7: How to be a good robot? Human-nonhuman play in dementia care / Ruud Hendriks and Ike Kamphof -- Part 2: Other-than-humans aging in human companionship -- Chapter 8: The invisibility of the aging laboratory animal / Lesley A. Sharp -- Chapter 9: Then there were 3, 2, 1, 0. Grieving with and for a murine family / Samantha Hurn -- Chapter 10: Posthuman professionalism: Interspecies entanglements and clinical end of life care / Vanessa Ashall, Joanna Latimer and Carrie Friese.</marc:subfield></marc:datafield><marc:datafield tag="520" ind1=" " ind2=" "><marc:subfield code="a">&quot;What does later life look like when it is lived in the companionship of other species? Similarly, how do other species age (or not) with humans, and what sort of (a)symmetries, if any, are brought to light around how we understand and think about aging? So far, aging has been investigated in the social sciences in purely human terms. This is the first collection of original work that considers aging as taking place in relation to other species. This volume aims to start a conversation about aging by taking its more-than-human participants seriously - that is, not only as a support for or context of human aging but also more symmetrically, as agents and subjects in the process of aging. The contributors draw upon richly descriptive ethnographic accounts, including moments of connection between seniors and dogs in a long-term care facility, human care for aging laboratory animals, and robotic companionship in later life. The ethnographies in this volume enrich not only our understanding of more-than-human companionship during the human aging process but also challenge and urge us to rethink what it means to live later in life in ecologically entangled social and moral worlds&quot;--</marc:subfield><marc:subfield code="c">Provided by publisher.</marc:subfield></marc:datafield><marc:datafield tag="650" ind1=" " ind2="0"><marc:subfield code="a">Aging</marc:subfield><marc:subfield code="x">Anthropological aspects.</marc:subfield></marc:datafield><marc:datafield tag="650" ind1=" " ind2="0"><marc:subfield code="a">Ethnology</marc:subfield><marc:subfield code="x">Research.</marc:subfield></marc:datafield><marc:datafield tag="650" ind1=" " ind2="0"><marc:subfield code="a">Human-animal relationships.</marc:subfield></marc:datafield><marc:datafield tag="650" ind1=" " ind2="0"><marc:subfield code="a">Human-robot interaction.</marc:subfield></marc:datafield><marc:datafield tag="650" ind1=" " ind2="0"><marc:subfield code="a">Social ecology.</marc:subfield></marc:datafield><marc:datafield tag="700" ind1="1" ind2=" "><marc:subfield code="a">Douglas, Cristina,</marc:subfield><marc:subfield code="d">1981-</marc:subfield><marc:subfield code="0">(viaf)21171706956506600072</marc:subfield></marc:datafield><marc:datafield tag="700" ind1="1" ind2=" "><marc:subfield code="a">Whitehouse, Andrew,</marc:subfield><marc:subfield code="0">(viaf)93320012</marc:subfield></marc:datafield><marc:datafield tag="920" ind1=" " ind2=" "><marc:subfield code="a">book</marc:subfield></marc:datafield></marc:record>