<marc:record><marc:leader>01685nkm a2200313 a 4500</marc:leader><marc:controlfield tag="005">20250918121119.0</marc:controlfield><marc:controlfield tag="008">250519m15911628xx ||| |     |r   k|lat|d</marc:controlfield><marc:controlfield tag="001">990036759340409161</marc:controlfield><marc:datafield tag="035" ind1=" " ind2=" "><marc:subfield code="a">(RUG01)003675934</marc:subfield></marc:datafield><marc:datafield tag="040" ind1=" " ind2=" "><marc:subfield code="a">BE-GnUNI</marc:subfield></marc:datafield><marc:datafield tag="100" ind1="1" ind2=" "><marc:subfield code="a">Muller, Jan Harmenszoon,</marc:subfield><marc:subfield code="d">1571-1628</marc:subfield><marc:subfield code="0">(viaf)7652023</marc:subfield><marc:subfield code="4">egr</marc:subfield></marc:datafield><marc:datafield tag="245" ind1="1" ind2="0"><marc:subfield code="k">[print]</marc:subfield><marc:subfield code="a">Zalig zijn de barmhartigen: Tobit begraaft de doden, kleedt de naakten en voedt de hongerigen, prent 5 van &apos;De acht zaligheden&apos; /</marc:subfield><marc:subfield code="c">Jan Harmensz. Muller, naar Maarten van Heemskerck.</marc:subfield></marc:datafield><marc:datafield tag="246" ind1="2" ind2=" "><marc:subfield code="a">Blessed are the merciful: Tobit burying the dead, clothing the naked and feeding the hungry</marc:subfield></marc:datafield><marc:datafield tag="260" ind1=" " ind2=" "><marc:subfield code="a">S.l. :</marc:subfield><marc:subfield code="b">s.n.,</marc:subfield><marc:subfield code="c">1591-1628.</marc:subfield></marc:datafield><marc:datafield tag="300" ind1=" " ind2=" "><marc:subfield code="a">1 prent :</marc:subfield><marc:subfield code="b">gravure, ingebonden ;</marc:subfield><marc:subfield code="c">plaatrand h 212 x b 248 mm, bladrand h 255 x b 335 mm.</marc:subfield></marc:datafield><marc:datafield tag="340" ind1=" " ind2=" "><marc:subfield code="a">Papier.</marc:subfield></marc:datafield><marc:datafield tag="490" ind1="0" ind2=" "><marc:subfield code="a">De acht zaligheden</marc:subfield></marc:datafield><marc:datafield tag="490" ind1="0" ind2=" "><marc:subfield code="a">The eight beatitudes</marc:subfield></marc:datafield><marc:datafield tag="500" ind1=" " ind2=" "><marc:subfield code="3">BIB.GOP.B1781</marc:subfield><marc:subfield code="a">Reeks 19/prent 5</marc:subfield></marc:datafield><marc:datafield tag="500" ind1=" " ind2=" "><marc:subfield code="a">Prent 5 van &apos;De acht zaligheden&apos;. Reeks bestaat uit 8 gravures.</marc:subfield></marc:datafield><marc:datafield tag="500" ind1=" " ind2=" "><marc:subfield code="a">Titel in rechthoek, rechtsonder: BEATI MISERICORDES, QVONIAM IPSI MISERICORDIAM CONSEQVENTVR</marc:subfield></marc:datafield><marc:datafield tag="540" ind1=" " ind2=" "><marc:subfield code="a">PDM-1.0</marc:subfield></marc:datafield><marc:datafield tag="581" ind1=" " ind2=" "><marc:subfield code="a">Hollstein, Dutch and Flemish etchings, engravings and woodcuts, 1450-1700, Maarten van Heemskerck, Part II, Roosendaal: Koninklijke van Poll, 1994, p. 23, nr. 317/I</marc:subfield></marc:datafield><marc:datafield tag="591" ind1=" " ind2=" "><marc:subfield code="a">Bijzondere collecties</marc:subfield></marc:datafield><marc:datafield tag="650" ind1=" " ind2="7"><marc:subfield code="a">Bible, New Testament.</marc:subfield><marc:subfield code="2">UGENTSC</marc:subfield></marc:datafield><marc:datafield tag="655" ind1=" " ind2="7"><marc:subfield code="a">Graphic material.</marc:subfield><marc:subfield code="2">UGENTSC</marc:subfield></marc:datafield><marc:datafield tag="700" ind1="1" ind2=" "><marc:subfield code="a">Van Heemskerck, Maarten,</marc:subfield><marc:subfield code="d">1498-1574</marc:subfield><marc:subfield code="0">(viaf)88717459</marc:subfield><marc:subfield code="4">ccp</marc:subfield></marc:datafield><marc:datafield tag="773" ind1="1" ind2="8"><marc:subfield code="w">990031418980409161</marc:subfield><marc:subfield code="t">Deel 184 van verzamelband BIB.GOP.B1781</marc:subfield><marc:subfield code="g">pt:Deel 184: Zalig zijn de barmhartigen: Tobit begraaft de doden, kleedt de naakten en voedt de hongerigen</marc:subfield><marc:subfield code="g">iss:184</marc:subfield></marc:datafield><marc:datafield tag="920" ind1=" " ind2=" "><marc:subfield code="a">image</marc:subfield></marc:datafield></marc:record>