<marc:record><marc:leader>01007ntm a2200241 a 4500</marc:leader><marc:controlfield tag="005">20250917111820.0</marc:controlfield><marc:controlfield tag="008">250818|2016||||be |||||rm||||||| ||dut|d</marc:controlfield><marc:controlfield tag="001">990036759330409161</marc:controlfield><marc:datafield tag="035" ind1=" " ind2=" "><marc:subfield code="a">(RUG01)003675933</marc:subfield></marc:datafield><marc:datafield tag="035" ind1=" " ind2=" "><marc:subfield code="a">(BIBLIO)8103204</marc:subfield></marc:datafield><marc:datafield tag="040" ind1=" " ind2=" "><marc:subfield code="a">BE-GnUNI</marc:subfield></marc:datafield><marc:datafield tag="100" ind1="1" ind2=" "><marc:subfield code="a">Janssens, Daan,</marc:subfield><marc:subfield code="d">....-</marc:subfield><marc:subfield code="0">(viaf)</marc:subfield></marc:datafield><marc:datafield tag="245" ind1="1" ind2="0"><marc:subfield code="a">(Paysages - études): een studie naar de achtergrond en compositorische mogelijkheden van muzikale transformatiestrategieën /</marc:subfield><marc:subfield code="c">Daan Janssens.</marc:subfield></marc:datafield><marc:datafield tag="260" ind1=" " ind2=" "><marc:subfield code="c">2016.</marc:subfield></marc:datafield><marc:datafield tag="300" ind1=" " ind2=" "><marc:subfield code="a">XV, 395 p.: ill.+ 4 CD&apos;s.</marc:subfield></marc:datafield><marc:datafield tag="502" ind1=" " ind2=" "><marc:subfield code="a">Proefschrift voorgelegd tot het bekomen van de graad van Doctor in de Kunsten: Muziek</marc:subfield></marc:datafield><marc:datafield tag="518" ind1=" " ind2=" "><marc:subfield code="o">Verdediging</marc:subfield><marc:subfield code="d">14/10/2016</marc:subfield></marc:datafield><marc:datafield tag="700" ind1="1" ind2=" "><marc:subfield code="a">Leman, Marc,</marc:subfield><marc:subfield code="d">1958-</marc:subfield><marc:subfield code="0">(ugent)801000600548</marc:subfield><marc:subfield code="0">(viaf)272661765</marc:subfield><marc:subfield code="e">promotor</marc:subfield></marc:datafield><marc:datafield tag="700" ind1="1" ind2=" "><marc:subfield code="a">Nuyts, Frank,</marc:subfield><marc:subfield code="d">1975-</marc:subfield><marc:subfield code="0">(viaf)3630320</marc:subfield><marc:subfield code="e">promotor</marc:subfield><marc:subfield code="4">cmp</marc:subfield></marc:datafield><marc:datafield tag="710" ind1="2" ind2=" "><marc:subfield code="a">Universiteit Gent</marc:subfield><marc:subfield code="b">Faculteit Letteren en Wijsbegeerte</marc:subfield><marc:subfield code="b">Departemennt Kunst, Muziek en Theaterwetenschappen</marc:subfield></marc:datafield><marc:datafield tag="710" ind1="2" ind2=" "><marc:subfield code="a">Hogeschool Gent</marc:subfield><marc:subfield code="b">School of Arts</marc:subfield></marc:datafield><marc:datafield tag="920" ind1=" " ind2=" "><marc:subfield code="a">phd</marc:subfield></marc:datafield><marc:datafield tag="922" ind1=" " ind2=" "><marc:subfield code="a">UGENT-LW</marc:subfield></marc:datafield></marc:record>