<marc:record><marc:leader>01691nkm a2200313 a 4500</marc:leader><marc:controlfield tag="005">20250918121125.0</marc:controlfield><marc:controlfield tag="008">250519m15911628xx ||| |     |r   k|lat|d</marc:controlfield><marc:controlfield tag="001">990036759290409161</marc:controlfield><marc:datafield tag="035" ind1=" " ind2=" "><marc:subfield code="a">(RUG01)003675929</marc:subfield></marc:datafield><marc:datafield tag="040" ind1=" " ind2=" "><marc:subfield code="a">BE-GnUNI</marc:subfield></marc:datafield><marc:datafield tag="100" ind1="1" ind2=" "><marc:subfield code="a">Muller, Jan Harmenszoon,</marc:subfield><marc:subfield code="d">1571-1628</marc:subfield><marc:subfield code="0">(viaf)7652023</marc:subfield><marc:subfield code="4">egr</marc:subfield></marc:datafield><marc:datafield tag="245" ind1="1" ind2="0"><marc:subfield code="k">[print]</marc:subfield><marc:subfield code="a">Zalig zijn zij die treuren: Maria Magdalena veegt de voeten van Christus af in het huis van Simon, prent 3 van &apos;De acht zaligheden&apos; /</marc:subfield><marc:subfield code="c">Jan Harmensz. Muller, naar Maarten van Heemskerck.</marc:subfield></marc:datafield><marc:datafield tag="246" ind1="2" ind2=" "><marc:subfield code="a">Blessed are they that mourn: Mary Magdalen wiping Christ&apos;s feet in the house of Simon</marc:subfield></marc:datafield><marc:datafield tag="260" ind1=" " ind2=" "><marc:subfield code="a">S.l. :</marc:subfield><marc:subfield code="b">s.n.,</marc:subfield><marc:subfield code="c">1591-1628.</marc:subfield></marc:datafield><marc:datafield tag="300" ind1=" " ind2=" "><marc:subfield code="a">1 prent :</marc:subfield><marc:subfield code="b">gravure, ingebonden ;</marc:subfield><marc:subfield code="c">plaatrand h 212 x b 248 mm, bladrand h 255 x b 335 mm.</marc:subfield></marc:datafield><marc:datafield tag="340" ind1=" " ind2=" "><marc:subfield code="a">Papier.</marc:subfield></marc:datafield><marc:datafield tag="490" ind1="0" ind2=" "><marc:subfield code="a">De acht zaligheden</marc:subfield></marc:datafield><marc:datafield tag="490" ind1="0" ind2=" "><marc:subfield code="a">The eight beatitudes</marc:subfield></marc:datafield><marc:datafield tag="500" ind1=" " ind2=" "><marc:subfield code="3">BIB.GOP.B1781</marc:subfield><marc:subfield code="a">Reeks 19/prent 3</marc:subfield></marc:datafield><marc:datafield tag="500" ind1=" " ind2=" "><marc:subfield code="a">Prent 3 van &apos;De acht zaligheden&apos;. Reeks bestaat uit 8 gravures.</marc:subfield></marc:datafield><marc:datafield tag="500" ind1=" " ind2=" "><marc:subfield code="a">Titel en het nummer drie in rechthoek, rechtsonder: BEATI QVI LVGENT, QVONIAM IPSI CONSOLABVNTVR</marc:subfield></marc:datafield><marc:datafield tag="540" ind1=" " ind2=" "><marc:subfield code="a">PDM-1.0</marc:subfield></marc:datafield><marc:datafield tag="581" ind1=" " ind2=" "><marc:subfield code="a">Hollstein, Dutch and Flemish etchings, engravings and woodcuts, 1450-1700, Maarten van Heemskerck, Part II, Roosendaal: Koninklijke van Poll, 1994, p. 22, nr. 315/I</marc:subfield></marc:datafield><marc:datafield tag="591" ind1=" " ind2=" "><marc:subfield code="a">Bijzondere collecties</marc:subfield></marc:datafield><marc:datafield tag="650" ind1=" " ind2="7"><marc:subfield code="a">Bible, New Testament.</marc:subfield><marc:subfield code="2">UGENTSC</marc:subfield></marc:datafield><marc:datafield tag="655" ind1=" " ind2="7"><marc:subfield code="a">Graphic material.</marc:subfield><marc:subfield code="2">UGENTSC</marc:subfield></marc:datafield><marc:datafield tag="700" ind1="1" ind2=" "><marc:subfield code="a">Van Heemskerck, Maarten,</marc:subfield><marc:subfield code="d">1498-1574</marc:subfield><marc:subfield code="0">(viaf)88717459</marc:subfield><marc:subfield code="4">ccp</marc:subfield></marc:datafield><marc:datafield tag="773" ind1="1" ind2="8"><marc:subfield code="w">990031418980409161</marc:subfield><marc:subfield code="t">Deel 182 van verzamelband BIB.GOP.B1781</marc:subfield><marc:subfield code="g">pt:Deel 182: Zalig zijn zij die treuren: Maria Magdalena veegt de voeten van Christus af in het huis van Simon</marc:subfield><marc:subfield code="g">iss:182</marc:subfield></marc:datafield><marc:datafield tag="920" ind1=" " ind2=" "><marc:subfield code="a">image</marc:subfield></marc:datafield></marc:record>