<marc:record><marc:leader>00469nam a2200145 a 4500</marc:leader><marc:controlfield tag="005">20250918232138.0</marc:controlfield><marc:controlfield tag="008">250818|1931||||xx |||||r|||||||| ||ita|d</marc:controlfield><marc:controlfield tag="001">990036759260409161</marc:controlfield><marc:datafield tag="035" ind1=" " ind2=" "><marc:subfield code="a">(RUG01)003675926</marc:subfield></marc:datafield><marc:datafield tag="040" ind1=" " ind2=" "><marc:subfield code="a">BE-GnUNI</marc:subfield></marc:datafield><marc:datafield tag="245" ind1="0" ind2="0"><marc:subfield code="a">Indici del Giornale Dantesco dall&apos; anno IX all&apos; anno XXX (1911-1927) /</marc:subfield><marc:subfield code="c">a cura di Luigi Pietrobono.</marc:subfield></marc:datafield><marc:datafield tag="260" ind1=" " ind2=" "><marc:subfield code="a">Firenze :</marc:subfield><marc:subfield code="b">Leo S. Olschki,</marc:subfield><marc:subfield code="c">1931.</marc:subfield></marc:datafield><marc:datafield tag="300" ind1=" " ind2=" "><marc:subfield code="a">153 p.</marc:subfield></marc:datafield><marc:datafield tag="700" ind1="1" ind2=" "><marc:subfield code="a">Pietrobono, Luigi,</marc:subfield><marc:subfield code="d">1863-1960</marc:subfield><marc:subfield code="0">(viaf)14851180</marc:subfield></marc:datafield><marc:datafield tag="920" ind1=" " ind2=" "><marc:subfield code="a">book</marc:subfield></marc:datafield></marc:record>