<marc:record><marc:leader>00000nam a22      a 4500</marc:leader><marc:controlfield tag="005">20250818115618.0</marc:controlfield><marc:controlfield tag="008">250818|1829||||be |||||||||||||| ||mul|d</marc:controlfield><marc:controlfield tag="001">990036759200409161</marc:controlfield><marc:datafield tag="035" ind1=" " ind2=" "><marc:subfield code="a">(BE-GnUNI)003675920</marc:subfield></marc:datafield><marc:datafield tag="035" ind1=" " ind2=" "><marc:subfield code="a">(BE-GnUNI)003675920RUG01</marc:subfield></marc:datafield><marc:datafield tag="035" ind1=" " ind2=" "><marc:subfield code="a">(BKT01)000373976</marc:subfield></marc:datafield><marc:datafield tag="040" ind1=" " ind2=" "><marc:subfield code="a">BE-GnUNI</marc:subfield></marc:datafield><marc:datafield tag="245" ind1="0" ind2="0"><marc:subfield code="a">Catalogus van eene verzameling van boeken, in verscheyde talen en wetenschappen :</marc:subfield><marc:subfield code="b">dynsdag 3 february 1829.</marc:subfield></marc:datafield><marc:datafield tag="246" ind1="1" ind2="1"><marc:subfield code="a">Catalogue d&apos;une collection de livres, en plusieurs langues et facultés</marc:subfield></marc:datafield><marc:datafield tag="260" ind1=" " ind2=" "><marc:subfield code="a">Gand :</marc:subfield><marc:subfield code="b">de Goesin-Disbecq,</marc:subfield><marc:subfield code="c">1829.</marc:subfield></marc:datafield><marc:datafield tag="300" ind1=" " ind2=" "><marc:subfield code="a">46 p. ; 8°.</marc:subfield></marc:datafield><marc:datafield tag="500" ind1=" " ind2=" "><marc:subfield code="a">Tekst in Frans en Nederlands</marc:subfield></marc:datafield><marc:datafield tag="540" ind1=" " ind2=" "><marc:subfield code="a">NOC-NC</marc:subfield></marc:datafield><marc:datafield tag="591" ind1=" " ind2=" "><marc:subfield code="a">Europeana-GoogleBooks</marc:subfield></marc:datafield><marc:datafield tag="856" ind1="4" ind2=" "><marc:subfield code="u">https://books.google.be/books?vid=GENT900000159764</marc:subfield><marc:subfield code="3">Full text</marc:subfield><marc:subfield code="y">BIB.G.010530</marc:subfield></marc:datafield><marc:datafield tag="920" ind1=" " ind2=" "><marc:subfield code="a">book</marc:subfield></marc:datafield><marc:datafield tag="773" ind1="1" ind2="8"><marc:subfield code="w">990036759190409161</marc:subfield><marc:subfield code="t">Deel BIB.G.010530 van verzamelband BIB.G.010530/-5</marc:subfield><marc:subfield code="g">pt:Deel BIB.G.010530: Catalogus van eene verzameling van boeken, in verscheyde talen en wetenschappen :dynsdag 3 february 1829.</marc:subfield><marc:subfield code="g">iss:01</marc:subfield></marc:datafield></marc:record>