<marc:record><marc:leader>01281nkm a2200265 a 4500</marc:leader><marc:controlfield tag="005">20250923105310.0</marc:controlfield><marc:controlfield tag="008">250818|1598||||xx ||| |     |r   k|lat|d</marc:controlfield><marc:controlfield tag="001">990036759180409161</marc:controlfield><marc:datafield tag="035" ind1=" " ind2=" "><marc:subfield code="a">(RUG01)003675918</marc:subfield></marc:datafield><marc:datafield tag="040" ind1=" " ind2=" "><marc:subfield code="a">BE-GnUNI</marc:subfield></marc:datafield><marc:datafield tag="245" ind1="0" ind2="0"><marc:subfield code="a">Portret van Jan zonder Vrees.</marc:subfield><marc:subfield code="k">[print]</marc:subfield></marc:datafield><marc:datafield tag="260" ind1=" " ind2=" "><marc:subfield code="a">Antwerpen :</marc:subfield><marc:subfield code="b">Vrints,</marc:subfield><marc:subfield code="c">[1598].</marc:subfield></marc:datafield><marc:datafield tag="300" ind1=" " ind2=" "><marc:subfield code="a">1 prent :</marc:subfield><marc:subfield code="b">gravure ;</marc:subfield><marc:subfield code="c">plaatrand h 198 x b 137 mm, bladrand h 276 x b 179 mm.</marc:subfield></marc:datafield><marc:datafield tag="340" ind1=" " ind2=" "><marc:subfield code="a">Papier.</marc:subfield></marc:datafield><marc:datafield tag="500" ind1=" " ind2=" "><marc:subfield code="a">Oud plaatsnummer PRT.J.007</marc:subfield><marc:subfield code="3">BIB.GRA.009035</marc:subfield></marc:datafield><marc:datafield tag="500" ind1=" " ind2=" "><marc:subfield code="a">Opschrift: &quot;LE VINTESEPTIESME CONTE DE FLANDRE&quot;</marc:subfield></marc:datafield><marc:datafield tag="500" ind1=" " ind2=" "><marc:subfield code="a">Prent afkomstig uit een exemplaar van &apos;Généalogie des Forestiers et Comtes de Flandre avec briève histoire de leur vie&apos;.</marc:subfield></marc:datafield><marc:datafield tag="500" ind1=" " ind2=" "><marc:subfield code="a">Prent gebruikt als illustratie in: Les généalogies et anciennes descentes des forestiers et comtes de Flandre (Antwerpen: Pierre Balthasar, [1580]) ; alsook in: Généalogie des Forestiers et Comtes de Flandre avec briève histoire de leur vie (Antwerpen: Joan Baptista Vrints, [1598]).</marc:subfield></marc:datafield><marc:datafield tag="500" ind1=" " ind2=" "><marc:subfield code="a">Prent voluit gekleefd op licht karton</marc:subfield></marc:datafield><marc:datafield tag="540" ind1=" " ind2=" "><marc:subfield code="a">PDM-1.0</marc:subfield></marc:datafield><marc:datafield tag="591" ind1=" " ind2=" "><marc:subfield code="a">Bijzondere collecties</marc:subfield></marc:datafield><marc:datafield tag="650" ind1=" " ind2="7"><marc:subfield code="a">Portraits.</marc:subfield><marc:subfield code="2">UGENTSC</marc:subfield></marc:datafield><marc:datafield tag="655" ind1=" " ind2="7"><marc:subfield code="a">Graphic material.</marc:subfield><marc:subfield code="2">UGENTSC</marc:subfield></marc:datafield><marc:datafield tag="700" ind1="1" ind2=" "><marc:subfield code="a">Jan zonder Vrees,</marc:subfield><marc:subfield code="c">Graaf van Vlaanderen,</marc:subfield><marc:subfield code="d">1371-1419</marc:subfield><marc:subfield code="0">(viaf)</marc:subfield><marc:subfield code="4">dpc</marc:subfield></marc:datafield><marc:datafield tag="920" ind1=" " ind2=" "><marc:subfield code="a">image</marc:subfield></marc:datafield></marc:record>