<marc:record><marc:leader>01322nam a2200265 i 4500</marc:leader><marc:controlfield tag="005">20250918232137.0</marc:controlfield><marc:controlfield tag="008">200331s2010    xx     ||    |||| u|eng||</marc:controlfield><marc:controlfield tag="001">990036759150409161</marc:controlfield><marc:datafield tag="020" ind1=" " ind2=" "><marc:subfield code="a">9789048123896</marc:subfield></marc:datafield><marc:datafield tag="020" ind1=" " ind2=" "><marc:subfield code="a">9789048124237</marc:subfield></marc:datafield><marc:datafield tag="020" ind1=" " ind2=" "><marc:subfield code="a">9789400790704</marc:subfield></marc:datafield><marc:datafield tag="020" ind1=" " ind2=" "><marc:subfield code="a">9789048123889</marc:subfield></marc:datafield><marc:datafield tag="020" ind1=" " ind2=" "><marc:subfield code="z">1194509378</marc:subfield></marc:datafield><marc:datafield tag="035" ind1=" " ind2=" "><marc:subfield code="a">(RUG01)003675915</marc:subfield></marc:datafield><marc:datafield tag="040" ind1=" " ind2=" "><marc:subfield code="a">https://anet.be/brocade</marc:subfield></marc:datafield><marc:datafield tag="041" ind1=" " ind2=" "><marc:subfield code="a">eng</marc:subfield></marc:datafield><marc:datafield tag="100" ind1="1" ind2=" "><marc:subfield code="a">Matthews, Robert W.,</marc:subfield><marc:subfield code="d">1942-</marc:subfield><marc:subfield code="0">(viaf)93481652</marc:subfield></marc:datafield><marc:datafield tag="245" ind1="1" ind2="0"><marc:subfield code="a">Insect Behavior /</marc:subfield><marc:subfield code="c">Robert W. Matthews ; Janice R. Matthews.</marc:subfield></marc:datafield><marc:datafield tag="250" ind1=" " ind2=" "><marc:subfield code="a">2nd ed. 2010.</marc:subfield></marc:datafield><marc:datafield tag="260" ind1=" " ind2=" "><marc:subfield code="a">Dordrecht :</marc:subfield><marc:subfield code="b">Springer Netherlands.</marc:subfield></marc:datafield><marc:datafield tag="300" ind1=" " ind2=" "><marc:subfield code="a">XIII, 514 p.</marc:subfield></marc:datafield><marc:datafield tag="520" ind1="3" ind2=" "><marc:subfield code="a">For thirty years, Insect Behavior served as students sole overview of a field of study that is growing exponentially. Considerably updated and expanded, this second edition still retains its constructive balance between modern developments and historical insights, between new examples and old, between empirical work and theory, and between pertinent conclusions and the dynamic field and laboratory experiences from which such discoveries arise. Twenty-six case studies, 45 new color plates and 173 figures (over 40% of them new) add richness to the well-written, accessible text.</marc:subfield></marc:datafield><marc:datafield tag="700" ind1="1" ind2=" "><marc:subfield code="a">Matthews, Janice R.,</marc:subfield><marc:subfield code="d">1943-</marc:subfield><marc:subfield code="0">(viaf)</marc:subfield></marc:datafield><marc:datafield tag="920" ind1=" " ind2=" "><marc:subfield code="a">book</marc:subfield></marc:datafield><marc:datafield tag="SID" ind1=" " ind2=" "><marc:subfield code="a">Z39</marc:subfield><marc:subfield code="b">LVD</marc:subfield></marc:datafield></marc:record>