<marc:record><marc:leader>01068nkm a2200265 a 4500</marc:leader><marc:controlfield tag="005">20250918121116.0</marc:controlfield><marc:controlfield tag="008">250818|1655||||xx ||| |     |r   k|lat|d</marc:controlfield><marc:controlfield tag="001">990036759140409161</marc:controlfield><marc:datafield tag="035" ind1=" " ind2=" "><marc:subfield code="a">(RUG01)003675914</marc:subfield></marc:datafield><marc:datafield tag="040" ind1=" " ind2=" "><marc:subfield code="a">BE-GnUNI</marc:subfield></marc:datafield><marc:datafield tag="245" ind1="0" ind2="0"><marc:subfield code="k">[print]</marc:subfield><marc:subfield code="a">Portret van Johan IV van Portugal.</marc:subfield></marc:datafield><marc:datafield tag="246" ind1="2" ind2=" "><marc:subfield code="a">Ioannes Dvx Brigantinvs (titel op object)</marc:subfield></marc:datafield><marc:datafield tag="260" ind1=" " ind2=" "><marc:subfield code="a">Antwerpen :</marc:subfield><marc:subfield code="b">Pieter de Jode,</marc:subfield><marc:subfield code="c">ca. 1655.</marc:subfield></marc:datafield><marc:datafield tag="300" ind1=" " ind2=" "><marc:subfield code="a">1 prent :</marc:subfield><marc:subfield code="b">gravure ;</marc:subfield><marc:subfield code="c">plaatrand h 163 x b 126 mm, bladrand h 272 x b 177 mm.</marc:subfield></marc:datafield><marc:datafield tag="340" ind1=" " ind2=" "><marc:subfield code="a">Papier.</marc:subfield></marc:datafield><marc:datafield tag="500" ind1=" " ind2=" "><marc:subfield code="3">BIB.GRA.009033</marc:subfield><marc:subfield code="a">Oud plaatsnummer PRT.J.015</marc:subfield></marc:datafield><marc:datafield tag="500" ind1=" " ind2=" "><marc:subfield code="a">Mogelijk ook gegraveerd door Pieter de Jode II</marc:subfield></marc:datafield><marc:datafield tag="500" ind1=" " ind2=" "><marc:subfield code="a">Prent gebruikt als illustratie in: Theatrum pontificum, imperatorum, regum, ducum, principum ... (Antwerpen: Pieter de Jode, ca. 1655)</marc:subfield></marc:datafield><marc:datafield tag="540" ind1=" " ind2=" "><marc:subfield code="a">PDM-1.0</marc:subfield></marc:datafield><marc:datafield tag="591" ind1=" " ind2=" "><marc:subfield code="a">Bijzondere collecties</marc:subfield></marc:datafield><marc:datafield tag="650" ind1=" " ind2="7"><marc:subfield code="a">Portraits.</marc:subfield><marc:subfield code="2">UGENTSC</marc:subfield></marc:datafield><marc:datafield tag="655" ind1=" " ind2="7"><marc:subfield code="a">Graphic material.</marc:subfield><marc:subfield code="2">UGENTSC</marc:subfield></marc:datafield><marc:datafield tag="700" ind1="1" ind2=" "><marc:subfield code="a">de Jode, Pieter,</marc:subfield><marc:subfield code="b">II,</marc:subfield><marc:subfield code="d">1606-1674?</marc:subfield><marc:subfield code="0">(viaf)100196705</marc:subfield><marc:subfield code="4">pbl</marc:subfield></marc:datafield><marc:datafield tag="700" ind1="1" ind2=" "><marc:subfield code="a">Johan</marc:subfield><marc:subfield code="b">IV</marc:subfield><marc:subfield code="c">Koning van Portugal,</marc:subfield><marc:subfield code="d">1604-1656</marc:subfield><marc:subfield code="0">(viaf)</marc:subfield><marc:subfield code="4">dpc</marc:subfield></marc:datafield><marc:datafield tag="920" ind1=" " ind2=" "><marc:subfield code="a">image</marc:subfield></marc:datafield></marc:record>