<marc:record><marc:leader>00810nkm a2200229 a 4500</marc:leader><marc:controlfield tag="005">20251006093202.0</marc:controlfield><marc:controlfield tag="008">160818s2025    be ||| |     |r   k|dut|d</marc:controlfield><marc:controlfield tag="001">990036759120409161</marc:controlfield><marc:datafield tag="035" ind1=" " ind2=" "><marc:subfield code="a">(RUG01)003675912</marc:subfield></marc:datafield><marc:datafield tag="040" ind1=" " ind2=" "><marc:subfield code="a">BE-GnUNI</marc:subfield></marc:datafield><marc:datafield tag="245" ind1="0" ind2="0"><marc:subfield code="k">[poster]</marc:subfield><marc:subfield code="a">Roger Laute met de Kat als Muze :</marc:subfield><marc:subfield code="b">tentoonstelling en boekvoorstelling een soort KATalogus.</marc:subfield></marc:datafield><marc:datafield tag="260" ind1=" " ind2=" "><marc:subfield code="a">S.l. :</marc:subfield><marc:subfield code="b">s.n.,</marc:subfield><marc:subfield code="c">2025.</marc:subfield></marc:datafield><marc:datafield tag="300" ind1=" " ind2=" "><marc:subfield code="a">1 affiche :</marc:subfield><marc:subfield code="b">kleur ;</marc:subfield><marc:subfield code="c">h 420 x b 297 mm.</marc:subfield></marc:datafield><marc:datafield tag="340" ind1=" " ind2=" "><marc:subfield code="a">Papier.</marc:subfield></marc:datafield><marc:datafield tag="518" ind1=" " ind2=" "><marc:subfield code="o">Tentoonstelling</marc:subfield><marc:subfield code="d">14/09/2025-12/10/2025</marc:subfield><marc:subfield code="p">Gent. Galerie S&amp;H De Buck</marc:subfield></marc:datafield><marc:datafield tag="541" ind1=" " ind2=" "><marc:subfield code="3">BIB.AFF.008415</marc:subfield><marc:subfield code="c">Schenking</marc:subfield><marc:subfield code="d">00/08/2025</marc:subfield></marc:datafield><marc:datafield tag="591" ind1=" " ind2=" "><marc:subfield code="a">Bijzondere collecties</marc:subfield></marc:datafield><marc:datafield tag="650" ind1=" " ind2="7"><marc:subfield code="a">Animals.</marc:subfield><marc:subfield code="2">UGENTSC</marc:subfield></marc:datafield><marc:datafield tag="650" ind1=" " ind2="7"><marc:subfield code="a">Exhibitions.</marc:subfield><marc:subfield code="2">UGENTSC</marc:subfield></marc:datafield><marc:datafield tag="655" ind1=" " ind2="7"><marc:subfield code="a">Posters.</marc:subfield><marc:subfield code="2">UGENTSC</marc:subfield></marc:datafield><marc:datafield tag="662" ind1=" " ind2=" "><marc:subfield code="a">België</marc:subfield><marc:subfield code="d">Gent</marc:subfield><marc:subfield code="f">Zuidstationstraat</marc:subfield><marc:subfield code="0">(bpost)9000</marc:subfield><marc:subfield code="0">(tgn)7007887</marc:subfield></marc:datafield><marc:datafield tag="920" ind1=" " ind2=" "><marc:subfield code="a">image</marc:subfield></marc:datafield></marc:record>