<marc:record><marc:leader>00494nam a2200145 a 4500</marc:leader><marc:controlfield tag="005">20250918232133.0</marc:controlfield><marc:controlfield tag="008">250814s1876    au |||||r|||||||| ||ger|d</marc:controlfield><marc:controlfield tag="001">990036759110409161</marc:controlfield><marc:datafield tag="035" ind1=" " ind2=" "><marc:subfield code="a">(RUG01)003675911</marc:subfield></marc:datafield><marc:datafield tag="040" ind1=" " ind2=" "><marc:subfield code="a">BE-GnUNI</marc:subfield></marc:datafield><marc:datafield tag="100" ind1="1" ind2=" "><marc:subfield code="a">Brunner von Wattenwyl, Carl,</marc:subfield><marc:subfield code="d">1823-1914</marc:subfield><marc:subfield code="0">(viaf)5667225</marc:subfield></marc:datafield><marc:datafield tag="245" ind1="1" ind2="4"><marc:subfield code="a">Die morphologische Bedeutung der Segmente, speciell des Hinterleibes, bei den Orthopteren /</marc:subfield><marc:subfield code="c">von C. Brunner von Wattenwyl.</marc:subfield></marc:datafield><marc:datafield tag="260" ind1=" " ind2=" "><marc:subfield code="a">[Wien] :</marc:subfield><marc:subfield code="b">s.n.,</marc:subfield><marc:subfield code="c">1876?</marc:subfield></marc:datafield><marc:datafield tag="300" ind1=" " ind2=" "><marc:subfield code="a">18 p.: pl.</marc:subfield></marc:datafield><marc:datafield tag="920" ind1=" " ind2=" "><marc:subfield code="a">book</marc:subfield></marc:datafield></marc:record>