<marc:record><marc:leader>01007nam a2200217u  4500</marc:leader><marc:controlfield tag="005">20250918232135.0</marc:controlfield><marc:controlfield tag="008">060210s1911    ne |||p|r    |000 ||fre|c</marc:controlfield><marc:controlfield tag="001">990036759080409161</marc:controlfield><marc:datafield tag="035" ind1=" " ind2=" "><marc:subfield code="a">(RUG01)003675908</marc:subfield></marc:datafield><marc:datafield tag="035" ind1=" " ind2=" "><marc:subfield code="a">(BeLVLBS)003875590LBS01-Aleph</marc:subfield></marc:datafield><marc:datafield tag="035" ind1=" " ind2=" "><marc:subfield code="a">RBINS-363961</marc:subfield></marc:datafield><marc:datafield tag="040" ind1=" " ind2=" "><marc:subfield code="a">BeLVLBS</marc:subfield><marc:subfield code="b">Language of cataloging varies</marc:subfield><marc:subfield code="e">rda based</marc:subfield></marc:datafield><marc:datafield tag="100" ind1="1" ind2=" "><marc:subfield code="a">Pelseneer, Paul</marc:subfield><marc:subfield code="q">(Jean Paul Louis),</marc:subfield><marc:subfield code="d">1863-1945</marc:subfield><marc:subfield code="0">(viaf)94232462</marc:subfield></marc:datafield><marc:datafield tag="245" ind1="1" ind2="4"><marc:subfield code="a">Les Lamellibranches de l&apos;Expédition du Siboga :</marc:subfield><marc:subfield code="b">partie anatomique /</marc:subfield><marc:subfield code="c">par Paul Pelseneer.</marc:subfield></marc:datafield><marc:datafield tag="260" ind1=" " ind2=" "><marc:subfield code="a">Leiden :</marc:subfield><marc:subfield code="b">Brill,</marc:subfield><marc:subfield code="c">1911.</marc:subfield></marc:datafield><marc:datafield tag="300" ind1=" " ind2=" "><marc:subfield code="a">125 p.: ill., XXVI pl.</marc:subfield></marc:datafield><marc:datafield tag="490" ind1="0" ind2=" "><marc:subfield code="a">Uitkomsten op zoologisch, botanisch, oceanographisch en geologisch gebied verzameld in Nederlandsch Oost-Indië 1899-1900 aan boord van H. M. Siboga onder commando van Luitenant ter zee 1e kl. G. F. Tydeman ;</marc:subfield><marc:subfield code="v">53a</marc:subfield></marc:datafield><marc:datafield tag="500" ind1=" " ind2=" "><marc:subfield code="a">Siboga-Expeditie</marc:subfield></marc:datafield><marc:datafield tag="710" ind1="2" ind2=" "><marc:subfield code="a">Maatschappij ter bevordering van het Natuurkundig Onderzoek der Nederlandsche Koloniën</marc:subfield></marc:datafield><marc:datafield tag="920" ind1=" " ind2=" "><marc:subfield code="a">book</marc:subfield></marc:datafield><marc:datafield tag="SID" ind1=" " ind2=" "><marc:subfield code="a">Z39</marc:subfield><marc:subfield code="b">32KUL_LIBIS_NETWORK</marc:subfield></marc:datafield></marc:record>