<marc:record><marc:leader>00000nam a22      a 4500</marc:leader><marc:controlfield tag="005">20250814120924.0</marc:controlfield><marc:controlfield tag="008">250814|1979||||xx |||||r|||||||| ||eng|d</marc:controlfield><marc:controlfield tag="001">990036759070409161</marc:controlfield><marc:datafield tag="035" ind1=" " ind2=" "><marc:subfield code="a">(BE-GnUNI)003675907</marc:subfield></marc:datafield><marc:datafield tag="035" ind1=" " ind2=" "><marc:subfield code="a">(BE-GnUNI)003675907RUG01</marc:subfield></marc:datafield><marc:datafield tag="020" ind1=" " ind2=" "><marc:subfield code="a">0471032328</marc:subfield></marc:datafield><marc:datafield tag="040" ind1=" " ind2=" "><marc:subfield code="a">BE-GnUNI</marc:subfield></marc:datafield><marc:datafield tag="100" ind1="1" ind2=" "><marc:subfield code="a">Torrey, Theodore Willett,</marc:subfield><marc:subfield code="d">1907-1986</marc:subfield><marc:subfield code="0">(viaf)18545488</marc:subfield></marc:datafield><marc:datafield tag="245" ind1="1" ind2="0"><marc:subfield code="a">Morphogenesis of the vertebrates :</marc:subfield><marc:subfield code="b">Theodore W. Torrey ; Alan Feduccia.</marc:subfield></marc:datafield><marc:datafield tag="250" ind1=" " ind2=" "><marc:subfield code="a">4th ed.</marc:subfield></marc:datafield><marc:datafield tag="260" ind1=" " ind2=" "><marc:subfield code="a">New York (N.Y.) :</marc:subfield><marc:subfield code="b">Wiley,</marc:subfield><marc:subfield code="c">1979.</marc:subfield></marc:datafield><marc:datafield tag="300" ind1=" " ind2=" "><marc:subfield code="a">Xii, 570 p. : Ill.</marc:subfield></marc:datafield><marc:datafield tag="650" ind1=" " ind2="4"><marc:subfield code="a">Vertebrates</marc:subfield><marc:subfield code="x">Morphogenesis.</marc:subfield></marc:datafield><marc:datafield tag="650" ind1=" " ind2="4"><marc:subfield code="a">Vertebrates.</marc:subfield></marc:datafield><marc:datafield tag="700" ind1="1" ind2=" "><marc:subfield code="a">Feduccia, John Alan,</marc:subfield><marc:subfield code="d">1943-</marc:subfield><marc:subfield code="0">(viaf)91429094</marc:subfield></marc:datafield><marc:datafield tag="920" ind1=" " ind2=" "><marc:subfield code="a">book</marc:subfield></marc:datafield></marc:record>