<marc:record><marc:leader>02654cam a22003615i 4500</marc:leader><marc:controlfield tag="005">20250918232134.0</marc:controlfield><marc:controlfield tag="008">171102t20182018txua   ||b   |001 ||eng|c</marc:controlfield><marc:controlfield tag="001">990036759060409161</marc:controlfield><marc:datafield tag="010" ind1=" " ind2=" "><marc:subfield code="a">2017959659</marc:subfield></marc:datafield><marc:datafield tag="020" ind1=" " ind2=" "><marc:subfield code="a">9781556714221</marc:subfield><marc:subfield code="q">(paperback)</marc:subfield></marc:datafield><marc:datafield tag="035" ind1=" " ind2=" "><marc:subfield code="a">(RUG01)003675906</marc:subfield></marc:datafield><marc:datafield tag="035" ind1=" " ind2=" "><marc:subfield code="a">20115806</marc:subfield></marc:datafield><marc:datafield tag="035" ind1=" " ind2=" "><marc:subfield code="a">(OCoLC)1013821030</marc:subfield></marc:datafield><marc:datafield tag="040" ind1=" " ind2=" "><marc:subfield code="a">YDX</marc:subfield><marc:subfield code="b">eng</marc:subfield><marc:subfield code="c">YDX</marc:subfield><marc:subfield code="d">BUF</marc:subfield><marc:subfield code="d">OCLCF</marc:subfield><marc:subfield code="d">CLO</marc:subfield><marc:subfield code="d">AU@</marc:subfield><marc:subfield code="d">EQO</marc:subfield><marc:subfield code="d">OCLCO</marc:subfield><marc:subfield code="d">DLC</marc:subfield><marc:subfield code="e">rda</marc:subfield></marc:datafield><marc:datafield tag="042" ind1=" " ind2=" "><marc:subfield code="a">pcc</marc:subfield></marc:datafield><marc:datafield tag="050" ind1="0" ind2="0"><marc:subfield code="a">P223</marc:subfield><marc:subfield code="b">.S644 2018</marc:subfield></marc:datafield><marc:datafield tag="100" ind1="1" ind2=" "><marc:subfield code="a">Snider, Keith L.,</marc:subfield><marc:subfield code="d">....-</marc:subfield><marc:subfield code="0">(viaf)</marc:subfield><marc:subfield code="4">aut</marc:subfield></marc:datafield><marc:datafield tag="245" ind1="1" ind2="0"><marc:subfield code="a">Tone analysis for field linguists /</marc:subfield><marc:subfield code="c">Keith L. Snider, foreword by Will Leben.</marc:subfield></marc:datafield><marc:datafield tag="264" ind1=" " ind2="1"><marc:subfield code="a">Dallas :</marc:subfield><marc:subfield code="b">SIL International Publications,</marc:subfield><marc:subfield code="c">[2018].</marc:subfield></marc:datafield><marc:datafield tag="264" ind1=" " ind2="4"><marc:subfield code="c">©2018</marc:subfield></marc:datafield><marc:datafield tag="300" ind1=" " ind2=" "><marc:subfield code="a">Xvi, 183 pages :</marc:subfield><marc:subfield code="b">illustrations ;</marc:subfield><marc:subfield code="c">26 cm.</marc:subfield></marc:datafield><marc:datafield tag="504" ind1=" " ind2=" "><marc:subfield code="a">Includes bibliographical references (pages 171-175) and index.</marc:subfield></marc:datafield><marc:datafield tag="505" ind1="0" ind2=" "><marc:subfield code="a">Introduction -- Methodology for phonological analysis of tone -- Phonetics of pitch -- Tone and orthography -- Phonological analysis of Chumburung tone -- The lexical orthography hypothesis applied to Chumburung tone.</marc:subfield></marc:datafield><marc:datafield tag="520" ind1=" " ind2=" "><marc:subfield code="a">&quot;Tone, the use of pitch to provide phonological contrast between morphemes, plays an integral role in the structures of many languages. This book teaches linguists a tried-and-proven methodology for analyzing tone in any part of the world. Significant features: - Delivers the most comprehensive and up-to-date introduction to tone analysis for field linguists - Emphasizes the discovery of contrastive tone patterns of morphemes, as opposed to contrastive tones of tone-bearing units - Focuses on keeping constant all factors that can potentially affect tone, so that utterances being compared are truly comparable - Includes a chapter on the phonetic properties of pitch - Presents principles for developing orthographies for tone languages - Includes comprehensive accompanying online exercises* that guide students from beginning to end through a complete analysis of nominal tone in a single language, Chumburung. Assuming little prior knowledge of tone or tone languages, Tone Analysis for Field Linguists is readily accessible to students and field workers alike who have previously taken introductory courses in articulatory phonetics, phonology, and morphology and syntax.&quot;--Back cover.</marc:subfield></marc:datafield><marc:datafield tag="650" ind1=" " ind2="0"><marc:subfield code="a">Linguistic analysis (Linguistics)</marc:subfield></marc:datafield><marc:datafield tag="650" ind1=" " ind2="0"><marc:subfield code="a">Linguistics.</marc:subfield></marc:datafield><marc:datafield tag="650" ind1=" " ind2="0"><marc:subfield code="a">Tone (Phonetics)</marc:subfield></marc:datafield><marc:datafield tag="650" ind1=" " ind2="7"><marc:subfield code="a">Linguistic analysis (Linguistics).</marc:subfield><marc:subfield code="2">fast</marc:subfield><marc:subfield code="0">(OCoLC)fst00999166</marc:subfield></marc:datafield><marc:datafield tag="650" ind1=" " ind2="7"><marc:subfield code="a">Linguistics.</marc:subfield><marc:subfield code="2">fast</marc:subfield><marc:subfield code="0">(OCoLC)fst00999202</marc:subfield></marc:datafield><marc:datafield tag="650" ind1=" " ind2="7"><marc:subfield code="a">Tone (Phonetics).</marc:subfield><marc:subfield code="2">fast</marc:subfield><marc:subfield code="0">(OCoLC)fst01152491</marc:subfield></marc:datafield><marc:datafield tag="700" ind1="1" ind2=" "><marc:subfield code="a">Leben, William Ronald,</marc:subfield><marc:subfield code="d">1943-</marc:subfield><marc:subfield code="0">(viaf)</marc:subfield></marc:datafield><marc:datafield tag="920" ind1=" " ind2=" "><marc:subfield code="a">book</marc:subfield></marc:datafield><marc:datafield tag="SID" ind1=" " ind2=" "><marc:subfield code="a">Z39</marc:subfield><marc:subfield code="b">LOC</marc:subfield></marc:datafield></marc:record>