<marc:record><marc:leader>00471nam a2200145 a 4500</marc:leader><marc:controlfield tag="005">20250918232135.0</marc:controlfield><marc:controlfield tag="008">250814s1933    ne |||||r|||||||| ||dut|d</marc:controlfield><marc:controlfield tag="001">990036759050409161</marc:controlfield><marc:datafield tag="035" ind1=" " ind2=" "><marc:subfield code="a">(RUG01)003675905</marc:subfield></marc:datafield><marc:datafield tag="040" ind1=" " ind2=" "><marc:subfield code="a">BE-GnUNI</marc:subfield></marc:datafield><marc:datafield tag="100" ind1="1" ind2=" "><marc:subfield code="a">Van Calcar, Reinders Pieters,</marc:subfield><marc:subfield code="d">1872-1957</marc:subfield><marc:subfield code="0">(viaf)42890250</marc:subfield></marc:datafield><marc:datafield tag="245" ind1="1" ind2="0"><marc:subfield code="a">Natuurkennis en levensbeschouwing :</marc:subfield><marc:subfield code="b">rassenhygiène of rassendegeneratie /</marc:subfield><marc:subfield code="c">door R. P. van Calcar.</marc:subfield></marc:datafield><marc:datafield tag="260" ind1=" " ind2=" "><marc:subfield code="a">Leiden :</marc:subfield><marc:subfield code="b">Ginsberg,</marc:subfield><marc:subfield code="c">1933.</marc:subfield></marc:datafield><marc:datafield tag="300" ind1=" " ind2=" "><marc:subfield code="a">53 p.</marc:subfield></marc:datafield><marc:datafield tag="920" ind1=" " ind2=" "><marc:subfield code="a">book</marc:subfield></marc:datafield></marc:record>