<marc:record><marc:leader>00660nam a2200205 a 4500</marc:leader><marc:controlfield tag="005">20250918232138.0</marc:controlfield><marc:controlfield tag="008">250814|1947||||xx |||||r|||||||| ||eng|d</marc:controlfield><marc:controlfield tag="001">990036759040409161</marc:controlfield><marc:datafield tag="035" ind1=" " ind2=" "><marc:subfield code="a">(RUG01)003675904</marc:subfield></marc:datafield><marc:datafield tag="040" ind1=" " ind2=" "><marc:subfield code="a">BE-GnUNI</marc:subfield></marc:datafield><marc:datafield tag="100" ind1="1" ind2=" "><marc:subfield code="a">Marshall, A. Milnes</marc:subfield><marc:subfield code="q">(Arthur Milnes),</marc:subfield><marc:subfield code="d">1852-1893</marc:subfield><marc:subfield code="0">(viaf)</marc:subfield></marc:datafield><marc:datafield tag="245" ind1="1" ind2="4"><marc:subfield code="a">The frog :</marc:subfield><marc:subfield code="b">an introduction to anatomy, histology, and embryology /</marc:subfield><marc:subfield code="c">by the late A. Milnes Marshall ; edited by H.G. Newth.</marc:subfield></marc:datafield><marc:datafield tag="250" ind1=" " ind2=" "><marc:subfield code="a">12th ed.</marc:subfield></marc:datafield><marc:datafield tag="260" ind1=" " ind2=" "><marc:subfield code="a">London :</marc:subfield><marc:subfield code="b">MacMillan,</marc:subfield><marc:subfield code="c">1947.</marc:subfield></marc:datafield><marc:datafield tag="300" ind1=" " ind2=" "><marc:subfield code="a">X, 182 p. : Ill.</marc:subfield></marc:datafield><marc:datafield tag="650" ind1=" " ind2="4"><marc:subfield code="a">Amphibians</marc:subfield><marc:subfield code="x">Anatomy.</marc:subfield></marc:datafield><marc:datafield tag="650" ind1=" " ind2="4"><marc:subfield code="a">Frogs</marc:subfield><marc:subfield code="x">Anatomy.</marc:subfield></marc:datafield><marc:datafield tag="650" ind1=" " ind2="4"><marc:subfield code="a">Frogs</marc:subfield><marc:subfield code="x">Embryology.</marc:subfield></marc:datafield><marc:datafield tag="650" ind1=" " ind2="4"><marc:subfield code="a">Frogs.</marc:subfield></marc:datafield><marc:datafield tag="920" ind1=" " ind2=" "><marc:subfield code="a">book</marc:subfield></marc:datafield></marc:record>