<marc:record><marc:leader>00508nam a2200169 a 4500</marc:leader><marc:controlfield tag="005">20250918232135.0</marc:controlfield><marc:controlfield tag="008">250814|1973||||xx |||||r|||||||| ||eng|d</marc:controlfield><marc:controlfield tag="001">990036759030409161</marc:controlfield><marc:datafield tag="035" ind1=" " ind2=" "><marc:subfield code="a">(RUG01)003675903</marc:subfield></marc:datafield><marc:datafield tag="040" ind1=" " ind2=" "><marc:subfield code="a">BE-GnUNI</marc:subfield></marc:datafield><marc:datafield tag="100" ind1="1" ind2=" "><marc:subfield code="a">Kent, George Cantine,</marc:subfield><marc:subfield code="d">....-</marc:subfield><marc:subfield code="0">(viaf)</marc:subfield></marc:datafield><marc:datafield tag="245" ind1="1" ind2="0"><marc:subfield code="a">Anatomy of the vertebrates :</marc:subfield><marc:subfield code="b">a laboratory guide /</marc:subfield><marc:subfield code="c">George C. Kent.</marc:subfield></marc:datafield><marc:datafield tag="250" ind1=" " ind2=" "><marc:subfield code="a">2nd edition</marc:subfield></marc:datafield><marc:datafield tag="260" ind1=" " ind2=" "><marc:subfield code="a">Saint Louis :</marc:subfield><marc:subfield code="b">C. V. Mosby,</marc:subfield><marc:subfield code="c">1973.</marc:subfield></marc:datafield><marc:datafield tag="300" ind1=" " ind2=" "><marc:subfield code="a">Viii, 109 p. : Ill.</marc:subfield></marc:datafield><marc:datafield tag="650" ind1=" " ind2="4"><marc:subfield code="a">Vertebrates</marc:subfield><marc:subfield code="x">Anatomy.</marc:subfield></marc:datafield><marc:datafield tag="920" ind1=" " ind2=" "><marc:subfield code="a">book</marc:subfield></marc:datafield></marc:record>