<marc:record><marc:leader>00490nam a2200157 a 4500</marc:leader><marc:controlfield tag="005">20250918232138.0</marc:controlfield><marc:controlfield tag="008">250814|1907||||xx |||||r|||||||| ||fre|d</marc:controlfield><marc:controlfield tag="001">990036758990409161</marc:controlfield><marc:datafield tag="035" ind1=" " ind2=" "><marc:subfield code="a">(RUG01)003675899</marc:subfield></marc:datafield><marc:datafield tag="040" ind1=" " ind2=" "><marc:subfield code="a">BE-GnUNI</marc:subfield></marc:datafield><marc:datafield tag="100" ind1="1" ind2=" "><marc:subfield code="a">Willem, Victor,</marc:subfield><marc:subfield code="d">1866-1952</marc:subfield><marc:subfield code="0">(viaf)22534121</marc:subfield></marc:datafield><marc:datafield tag="245" ind1="1" ind2="0"><marc:subfield code="a">Congrès de Gand. 1907. Rapport sur les travaux de la 1re section /</marc:subfield><marc:subfield code="c">par V. Willem.</marc:subfield></marc:datafield><marc:datafield tag="260" ind1=" " ind2=" "><marc:subfield code="a">Gand :</marc:subfield><marc:subfield code="b">Siffer,</marc:subfield><marc:subfield code="c">1907.</marc:subfield></marc:datafield><marc:datafield tag="300" ind1=" " ind2=" "><marc:subfield code="a">8 p.</marc:subfield></marc:datafield><marc:datafield tag="518" ind1=" " ind2=" "><marc:subfield code="o">Congres</marc:subfield><marc:subfield code="d">02/08/1907-07/08/1907</marc:subfield><marc:subfield code="p">Gand</marc:subfield></marc:datafield><marc:datafield tag="920" ind1=" " ind2=" "><marc:subfield code="a">book</marc:subfield></marc:datafield></marc:record>