<marc:record><marc:leader>00625nab a2200157 a 4500</marc:leader><marc:controlfield tag="005">20250918114927.0</marc:controlfield><marc:controlfield tag="008">250814s1906    be |||||r|||||||| ||fre|d</marc:controlfield><marc:controlfield tag="001">990036758970409161</marc:controlfield><marc:datafield tag="035" ind1=" " ind2=" "><marc:subfield code="a">(RUG01)003675897</marc:subfield></marc:datafield><marc:datafield tag="040" ind1=" " ind2=" "><marc:subfield code="a">BE-GnUNI</marc:subfield></marc:datafield><marc:datafield tag="100" ind1="1" ind2=" "><marc:subfield code="a">Willem, Victor,</marc:subfield><marc:subfield code="d">1866-1952</marc:subfield><marc:subfield code="0">(viaf)22534121</marc:subfield></marc:datafield><marc:datafield tag="245" ind1="1" ind2="0"><marc:subfield code="a">Deux trématodes nouveaux pour la faune belge :</marc:subfield><marc:subfield code="b">Acanthocotyle branchialis nov. spec. et Distomum turgidum Brandes /</marc:subfield><marc:subfield code="c">par Victor Willem.</marc:subfield></marc:datafield><marc:datafield tag="260" ind1=" " ind2=" "><marc:subfield code="a">Bruxelles :</marc:subfield><marc:subfield code="b">Hayez,</marc:subfield><marc:subfield code="c">1906.</marc:subfield></marc:datafield><marc:datafield tag="300" ind1=" " ind2=" "><marc:subfield code="a">16 p.: ill.</marc:subfield></marc:datafield><marc:datafield tag="500" ind1=" " ind2=" "><marc:subfield code="a">Overdruk uit : Bulletins de l&apos;Académie royale de Belgique. Classe des sciences ; (1906)8, p. [599]-612.</marc:subfield></marc:datafield><marc:datafield tag="920" ind1=" " ind2=" "><marc:subfield code="a">article</marc:subfield></marc:datafield></marc:record>