<marc:record><marc:leader>02072cam a2200337 c 4500</marc:leader><marc:controlfield tag="005">20250918232135.0</marc:controlfield><marc:controlfield tag="008">200422s2021    gw |||||r    |00| ||ger|c</marc:controlfield><marc:controlfield tag="001">990036758960409161</marc:controlfield><marc:datafield tag="016" ind1="7" ind2=" "><marc:subfield code="a">1207866385</marc:subfield><marc:subfield code="2">DE-101</marc:subfield></marc:datafield><marc:datafield tag="020" ind1=" " ind2=" "><marc:subfield code="a">9783453321014</marc:subfield><marc:subfield code="q">9783453321014</marc:subfield></marc:datafield><marc:datafield tag="024" ind1="3" ind2=" "><marc:subfield code="a">9783453321014</marc:subfield></marc:datafield><marc:datafield tag="035" ind1=" " ind2=" "><marc:subfield code="a">(RUG01)003675896</marc:subfield></marc:datafield><marc:datafield tag="035" ind1=" " ind2=" "><marc:subfield code="a">(DE-627)1695725506</marc:subfield></marc:datafield><marc:datafield tag="035" ind1=" " ind2=" "><marc:subfield code="a">(DE-599)DNB1207866385</marc:subfield></marc:datafield><marc:datafield tag="035" ind1=" " ind2=" "><marc:subfield code="a">(OCoLC)1151703399</marc:subfield></marc:datafield><marc:datafield tag="040" ind1=" " ind2=" "><marc:subfield code="a">DE-627</marc:subfield><marc:subfield code="b">ger</marc:subfield><marc:subfield code="c">DE-627</marc:subfield><marc:subfield code="e">rakwb</marc:subfield></marc:datafield><marc:datafield tag="041" ind1=" " ind2=" "><marc:subfield code="a">ger</marc:subfield><marc:subfield code="h">rus</marc:subfield></marc:datafield><marc:datafield tag="044" ind1=" " ind2=" "><marc:subfield code="c">XA-DE-BY</marc:subfield></marc:datafield><marc:datafield tag="082" ind1="0" ind2="4"><marc:subfield code="a">891.8</marc:subfield><marc:subfield code="a">B</marc:subfield><marc:subfield code="q">DE-101</marc:subfield></marc:datafield><marc:datafield tag="100" ind1="1" ind2=" "><marc:subfield code="a">Strugackij, Arkadij Natanovič,</marc:subfield><marc:subfield code="d">1925-1991</marc:subfield><marc:subfield code="0">(viaf)116149841948802840319</marc:subfield></marc:datafield><marc:datafield tag="245" ind1="1" ind2="0"><marc:subfield code="a">Stalker :</marc:subfield><marc:subfield code="b">Roman /</marc:subfield><marc:subfield code="c">Arkadi und Boris Strugatzki ; aus dem Russischen von David Drevs ; mit einem Vorwort von Wladimir Kaminer.</marc:subfield></marc:datafield><marc:datafield tag="250" ind1=" " ind2=" "><marc:subfield code="a">2. Aufl.</marc:subfield></marc:datafield><marc:datafield tag="260" ind1=" " ind2=" "><marc:subfield code="a">München :</marc:subfield><marc:subfield code="b">Wilhelm Heyne,</marc:subfield><marc:subfield code="c">2021.</marc:subfield></marc:datafield><marc:datafield tag="300" ind1=" " ind2=" "><marc:subfield code="a">396 p. ;</marc:subfield><marc:subfield code="c">20.6 cm x 13.5 cm.</marc:subfield></marc:datafield><marc:datafield tag="520" ind1=" " ind2=" "><marc:subfield code="a">Red Shewhart ist ein Stalker, ein Glücksritter, der illegal immer wieder in die Sperrzone eindringt, in der einst die Aliens gelandet sind. Dort spürt er die Hinterlassenschaften der Ausserirdischen auf, um sie auf dem Schwarzmarkt zu verkaufen. Niemand weiss, wie diese Artefakte funktionieren und wozu sie einmal gedient haben. Manche von ihnen bergen tödliche Gefahren, während andere die Unsterblichkeit versprechen. Red und sein Freund Kirill suchen nach einem ganz besonderen Gegenstand, der sie so reich machen wird, dass sich die Stalker nie wieder ins Sperrgebiet wagen müssen. Doch die Zone gibt ihre Geheimnisse nicht so einfach preis ... Die Romanvorlage zum gleichnamigen Film-Klassiker von Andrei Tarkowski, neu übersetzt und mit umfangreichem Bonusmaterial!</marc:subfield></marc:datafield><marc:datafield tag="700" ind1="1" ind2=" "><marc:subfield code="a">Strugackij, Boris Natanovič,</marc:subfield><marc:subfield code="d">1933-2012</marc:subfield><marc:subfield code="0">(viaf)271145541841796600449</marc:subfield></marc:datafield><marc:datafield tag="700" ind1="1" ind2=" "><marc:subfield code="a">Drevs, David,</marc:subfield><marc:subfield code="d">1968-</marc:subfield><marc:subfield code="0">(viaf)311248717</marc:subfield></marc:datafield><marc:datafield tag="700" ind1="1" ind2=" "><marc:subfield code="a">Kaminer, Wladimir,</marc:subfield><marc:subfield code="d">1967-</marc:subfield><marc:subfield code="0">(viaf)</marc:subfield></marc:datafield><marc:datafield tag="765" ind1="0" ind2="8"><marc:subfield code="a">Пикник на обочине</marc:subfield></marc:datafield><marc:datafield tag="920" ind1=" " ind2=" "><marc:subfield code="a">book</marc:subfield></marc:datafield><marc:datafield tag="SID" ind1=" " ind2=" "><marc:subfield code="a">Z39</marc:subfield><marc:subfield code="b">K10PLUS</marc:subfield></marc:datafield></marc:record>