<marc:record><marc:leader>00751nab a2200193 a 4500</marc:leader><marc:controlfield tag="005">20250918114923.0</marc:controlfield><marc:controlfield tag="008">250813s1910    be |||||r|||||||| ||fre|d</marc:controlfield><marc:controlfield tag="001">990036758940409161</marc:controlfield><marc:datafield tag="035" ind1=" " ind2=" "><marc:subfield code="a">(RUG01)003675894</marc:subfield></marc:datafield><marc:datafield tag="040" ind1=" " ind2=" "><marc:subfield code="a">BE-GnUNI</marc:subfield></marc:datafield><marc:datafield tag="100" ind1="1" ind2=" "><marc:subfield code="a">Willem, Victor,</marc:subfield><marc:subfield code="d">1866-1952</marc:subfield><marc:subfield code="0">(viaf)22534121</marc:subfield></marc:datafield><marc:datafield tag="245" ind1="1" ind2="4"><marc:subfield code="a">Une forme nouvelle de cricotopus.</marc:subfield></marc:datafield><marc:datafield tag="260" ind1=" " ind2=" "><marc:subfield code="a">Bruxelles :</marc:subfield><marc:subfield code="b">Hayez,</marc:subfield><marc:subfield code="c">1910.</marc:subfield></marc:datafield><marc:datafield tag="300" ind1=" " ind2=" "><marc:subfield code="a">9 p.: ill.</marc:subfield></marc:datafield><marc:datafield tag="500" ind1=" " ind2=" "><marc:subfield code="a">Overdruk uit : Bulletins de l&apos;Académie royale de Belgique. Classe des sciences ; (1910)1, p. [33]-39.</marc:subfield></marc:datafield><marc:datafield tag="505" ind1="0" ind2=" "><marc:subfield code="a">1. Une nouvelle larve mineuse de chironomide / par Victor Willem</marc:subfield></marc:datafield><marc:datafield tag="505" ind1="0" ind2=" "><marc:subfield code="a">2. Description de cricotopus limnanthemi N. Sp. / par J. J. Kieffer.</marc:subfield></marc:datafield><marc:datafield tag="700" ind1="1" ind2=" "><marc:subfield code="a">Kieffer, Jean Jacques,</marc:subfield><marc:subfield code="d">1857-1925</marc:subfield><marc:subfield code="0">(viaf)61609949</marc:subfield></marc:datafield><marc:datafield tag="920" ind1=" " ind2=" "><marc:subfield code="a">article</marc:subfield></marc:datafield></marc:record>