<marc:record><marc:leader>00459nam a2200157 a 4500</marc:leader><marc:controlfield tag="005">20250918232137.0</marc:controlfield><marc:controlfield tag="008">250813s1934    ne |||||r|||||||| ||eng|d</marc:controlfield><marc:controlfield tag="001">990036758920409161</marc:controlfield><marc:datafield tag="035" ind1=" " ind2=" "><marc:subfield code="a">(RUG01)003675892</marc:subfield></marc:datafield><marc:datafield tag="040" ind1=" " ind2=" "><marc:subfield code="a">BE-GnUNI</marc:subfield></marc:datafield><marc:datafield tag="100" ind1="1" ind2=" "><marc:subfield code="a">Oudemans, Anthonie Cornelis,</marc:subfield><marc:subfield code="c">Jzn,</marc:subfield><marc:subfield code="d">1858-1943</marc:subfield><marc:subfield code="0">(viaf)72164985</marc:subfield></marc:datafield><marc:datafield tag="245" ind1="1" ind2="4"><marc:subfield code="a">The Loch Ness monster /</marc:subfield><marc:subfield code="c">by A. C. Oudemans.</marc:subfield></marc:datafield><marc:datafield tag="260" ind1=" " ind2=" "><marc:subfield code="a">Leyden :</marc:subfield><marc:subfield code="b">Brill,</marc:subfield><marc:subfield code="c">1934.</marc:subfield></marc:datafield><marc:datafield tag="300" ind1=" " ind2=" "><marc:subfield code="a">14 p.: ill.</marc:subfield></marc:datafield><marc:datafield tag="650" ind1=" " ind2="7"><marc:subfield code="a">Loch Ness monster.</marc:subfield></marc:datafield><marc:datafield tag="920" ind1=" " ind2=" "><marc:subfield code="a">book</marc:subfield></marc:datafield></marc:record>