<marc:record><marc:leader>04732cam a2200625 i 4500</marc:leader><marc:controlfield tag="005">20250918232136.0</marc:controlfield><marc:controlfield tag="008">200425t20202020gw a   |rb   |101 |bger|d</marc:controlfield><marc:controlfield tag="001">990036758890409161</marc:controlfield><marc:datafield tag="010" ind1=" " ind2=" "><marc:subfield code="a">2021379420</marc:subfield></marc:datafield><marc:datafield tag="016" ind1="7" ind2=" "><marc:subfield code="a">1200427904</marc:subfield><marc:subfield code="2">DE-101</marc:subfield></marc:datafield><marc:datafield tag="020" ind1=" " ind2=" "><marc:subfield code="a">9783849815059</marc:subfield><marc:subfield code="q">(paperback)</marc:subfield></marc:datafield><marc:datafield tag="020" ind1=" " ind2=" "><marc:subfield code="a">3849815056</marc:subfield><marc:subfield code="q">(paperback)</marc:subfield></marc:datafield><marc:datafield tag="024" ind1="3" ind2=" "><marc:subfield code="a">9783849815059</marc:subfield></marc:datafield><marc:datafield tag="035" ind1=" " ind2=" "><marc:subfield code="a">(RUG01)003675889</marc:subfield></marc:datafield><marc:datafield tag="035" ind1=" " ind2=" "><marc:subfield code="a">21518840</marc:subfield></marc:datafield><marc:datafield tag="035" ind1=" " ind2=" "><marc:subfield code="a">(OCoLC)1137058587</marc:subfield></marc:datafield><marc:datafield tag="040" ind1=" " ind2=" "><marc:subfield code="a">OHX</marc:subfield><marc:subfield code="b">eng</marc:subfield><marc:subfield code="c">OHX</marc:subfield><marc:subfield code="d">LTSCA</marc:subfield><marc:subfield code="d">UPM</marc:subfield><marc:subfield code="d">CLU</marc:subfield><marc:subfield code="d">OCLCF</marc:subfield><marc:subfield code="d">OCL</marc:subfield><marc:subfield code="d">STF</marc:subfield><marc:subfield code="d">J9U</marc:subfield><marc:subfield code="d">OCLCO</marc:subfield><marc:subfield code="d">COD</marc:subfield><marc:subfield code="d">NYP</marc:subfield><marc:subfield code="d">OCLCO</marc:subfield><marc:subfield code="d">GRG</marc:subfield><marc:subfield code="d">OCLCO</marc:subfield><marc:subfield code="d">OCL</marc:subfield><marc:subfield code="d">OCLCO</marc:subfield><marc:subfield code="d">WAU</marc:subfield><marc:subfield code="d">OCLCO</marc:subfield><marc:subfield code="d">DLC</marc:subfield><marc:subfield code="e">rda</marc:subfield></marc:datafield><marc:datafield tag="042" ind1=" " ind2=" "><marc:subfield code="a">lccopycat</marc:subfield></marc:datafield><marc:datafield tag="043" ind1=" " ind2=" "><marc:subfield code="a">e-be---</marc:subfield><marc:subfield code="a">e-ne---</marc:subfield><marc:subfield code="a">e-au---</marc:subfield></marc:datafield><marc:datafield tag="050" ind1="0" ind2="0"><marc:subfield code="a">PT2635.O84</marc:subfield><marc:subfield code="b">Z59428 2009</marc:subfield></marc:datafield><marc:datafield tag="245" ind1="0" ind2="4"><marc:subfield code="a">Der verirrte Kosmopolit :</marc:subfield><marc:subfield code="b">Joseph Roth in den Niederlanden und in Belgien /</marc:subfield><marc:subfield code="c">Benjamin Biebuyck, Petra Campe, Els Snick (Hgg.).</marc:subfield></marc:datafield><marc:datafield tag="246" ind1="3" ind2="0"><marc:subfield code="a">Joseph Roth in den Niederlanden und in Belgien</marc:subfield></marc:datafield><marc:datafield tag="264" ind1=" " ind2="1"><marc:subfield code="a">Bielefeld :</marc:subfield><marc:subfield code="b">Aisthesis Verlag,</marc:subfield><marc:subfield code="c">2020.</marc:subfield></marc:datafield><marc:datafield tag="264" ind1=" " ind2="4"><marc:subfield code="c">©2020</marc:subfield></marc:datafield><marc:datafield tag="300" ind1=" " ind2=" "><marc:subfield code="a">289 p. :</marc:subfield><marc:subfield code="b">ill. ;</marc:subfield><marc:subfield code="c">22 cm.</marc:subfield></marc:datafield><marc:datafield tag="500" ind1=" " ind2=" "><marc:subfield code="a">&quot;Der vorliegende Sammelband hat eine lange Entstehungsgeschichte hinter sich, die bis auf den Genter Joseph Roth-Kongress im Mai 2009 zurückgeht&quot;--Page 18.</marc:subfield></marc:datafield><marc:datafield tag="504" ind1=" " ind2=" "><marc:subfield code="a">Includes bibliographical references and index.</marc:subfield></marc:datafield><marc:datafield tag="505" ind1="0" ind2="0"><marc:subfield code="t">Die Irrungen eines Kosmopoliten /</marc:subfield><marc:subfield code="r">Benjamin Biebuyck --</marc:subfield><marc:subfield code="t">Kosmopolitismus und Exil in der Zwischenkriegszeit : die Niederlande und Belgien --</marc:subfield><marc:subfield code="t">Denken über Europa während des Interbellums /</marc:subfield><marc:subfield code="r">Lut Missinne --</marc:subfield><marc:subfield code="t">&quot;Die Ziellosigkeit der Vaterlandslosen&quot; : die deutschsprachige Literatur im Exil in den Niederlanden /</marc:subfield><marc:subfield code="r">Léon Hanssen --</marc:subfield><marc:subfield code="t">Eine Topographie der Exilliteratur in Belgien 1933-1945 : die Parzellierung einer Gemeinschaft /</marc:subfield><marc:subfield code="r">Hubert Boland --</marc:subfield><marc:subfield code="t">Die belgischen PEN-Clubs und die deutschsprachigen Emigranten /</marc:subfield><marc:subfield code="r">Hans Vandevoorde --</marc:subfield><marc:subfield code="t">Joseph Roth und die Grenze : Flüchtlinge aus Nazideutschland in Belgien und den Niederlanden, ungebeten, aber willkommen? /</marc:subfield><marc:subfield code="r">Frank Caestecker --</marc:subfield><marc:subfield code="t">Joseph Roth, Schriftsteller und Schrift : lokal am Werk --</marc:subfield><marc:subfield code="t">Roths Kontakte in Flandern und den Niederlanden im Spiegel von David Bronsens : Interviews mit Zeitzeugen /</marc:subfield><marc:subfield code="r">Heinz Lunzer --</marc:subfield><marc:subfield code="t">Europa in den Klauen des Antichrist : Paris und Amsterdam in Roths Vision eines Kontinents in Aufruhr /</marc:subfield><marc:subfield code="r">Ilse Josepha Lazaroms --</marc:subfield><marc:subfield code="t">Joseph Roth als Übersetzer : zur deutschen Übersetzung von Józef Wittlins Roman Sól ziemi : ein Bericht aus dem Allert de Lange-Archiv /</marc:subfield><marc:subfield code="r">Madeleine Rietra --</marc:subfield><marc:subfield code="t">&quot;Eine Sprache alttestamentarischer Pracht&quot; : Joseph Roth als jüdischer Autor in der niederländischen Rezeption /</marc:subfield><marc:subfield code="r">Els Andringa --</marc:subfield><marc:subfield code="t">Orchestrierte Rezeption : Joseph Roth in den Niederlanden und Frankreich /</marc:subfield><marc:subfield code="r">Ton Naaijkens --</marc:subfield><marc:subfield code="t">Zur Rezeptions- und Übersetzungsgeschichte Joseph Roths in den Niederlanden und Flandern /</marc:subfield><marc:subfield code="r">Els Snick --</marc:subfield><marc:subfield code="t">Zeugnisse und Zeitdokumente --</marc:subfield><marc:subfield code="t">Joseph Roth übersetzen /</marc:subfield><marc:subfield code="r">Michael Hofmann --</marc:subfield><marc:subfield code="t">Leben, das ist doch nicht wohnen und essen, das ist doch auch beten und trinken! /</marc:subfield><marc:subfield code="r">Bernard Asselbergs --</marc:subfield><marc:subfield code="t">Der Dichter auf der Lokomotive : für Joseph Roth /</marc:subfield><marc:subfield code="r">Geert Mak --</marc:subfield><marc:subfield code="g">Register --</marc:subfield><marc:subfield code="g">Personen- und Werkregister --</marc:subfield><marc:subfield code="g">Zu den Herausgebern.</marc:subfield></marc:datafield><marc:datafield tag="600" ind1="1" ind2="0"><marc:subfield code="a">Roth, Joseph,</marc:subfield><marc:subfield code="d">1894-1939</marc:subfield><marc:subfield code="x">Appreciation</marc:subfield><marc:subfield code="z">Belgium</marc:subfield><marc:subfield code="v">Congresses.</marc:subfield></marc:datafield><marc:datafield tag="600" ind1="1" ind2="0"><marc:subfield code="a">Roth, Joseph,</marc:subfield><marc:subfield code="d">1894-1939</marc:subfield><marc:subfield code="x">Appreciation</marc:subfield><marc:subfield code="z">Netherlands</marc:subfield><marc:subfield code="v">Congresses.</marc:subfield></marc:datafield><marc:datafield tag="600" ind1="1" ind2="0"><marc:subfield code="a">Roth, Joseph,</marc:subfield><marc:subfield code="d">1894-1939</marc:subfield><marc:subfield code="x">Homes and haunts</marc:subfield><marc:subfield code="v">Congresses.</marc:subfield></marc:datafield><marc:datafield tag="600" ind1="1" ind2="7"><marc:subfield code="a">Roth, Joseph,</marc:subfield><marc:subfield code="d">1894-1939.</marc:subfield><marc:subfield code="2">fast</marc:subfield><marc:subfield code="0">(OCoLC)fst00049252</marc:subfield></marc:datafield><marc:datafield tag="650" ind1=" " ind2="0"><marc:subfield code="a">Austrian literature</marc:subfield><marc:subfield code="x">Jewish authors</marc:subfield><marc:subfield code="x">History and criticism</marc:subfield><marc:subfield code="v">Congresses.</marc:subfield></marc:datafield><marc:datafield tag="650" ind1=" " ind2="0"><marc:subfield code="a">Authors, Austrian</marc:subfield><marc:subfield code="z">Belgium</marc:subfield><marc:subfield code="v">Biography</marc:subfield><marc:subfield code="v">Congresses.</marc:subfield></marc:datafield><marc:datafield tag="650" ind1=" " ind2="0"><marc:subfield code="a">Authors, Austrian</marc:subfield><marc:subfield code="z">Netherlands</marc:subfield><marc:subfield code="v">Biography</marc:subfield><marc:subfield code="v">Congresses.</marc:subfield></marc:datafield><marc:datafield tag="650" ind1=" " ind2="7"><marc:subfield code="a">Art appreciation.</marc:subfield><marc:subfield code="2">fast</marc:subfield><marc:subfield code="0">(OCoLC)fst00815447</marc:subfield></marc:datafield><marc:datafield tag="650" ind1=" " ind2="7"><marc:subfield code="a">Austrian literature</marc:subfield><marc:subfield code="x">Jewish authors.</marc:subfield><marc:subfield code="2">fast</marc:subfield><marc:subfield code="0">(OCoLC)fst00821547</marc:subfield></marc:datafield><marc:datafield tag="650" ind1=" " ind2="7"><marc:subfield code="a">Authors, Austrian.</marc:subfield><marc:subfield code="2">fast</marc:subfield><marc:subfield code="0">(OCoLC)fst00821814</marc:subfield></marc:datafield><marc:datafield tag="650" ind1=" " ind2="7"><marc:subfield code="a">Homes.</marc:subfield><marc:subfield code="2">fast</marc:subfield><marc:subfield code="0">(OCoLC)fst01353235</marc:subfield></marc:datafield><marc:datafield tag="651" ind1=" " ind2="7"><marc:subfield code="a">Belgium.</marc:subfield><marc:subfield code="2">fast</marc:subfield><marc:subfield code="0">(OCoLC)fst01210278</marc:subfield></marc:datafield><marc:datafield tag="651" ind1=" " ind2="7"><marc:subfield code="a">Netherlands.</marc:subfield><marc:subfield code="2">fast</marc:subfield><marc:subfield code="0">(OCoLC)fst01204034</marc:subfield></marc:datafield><marc:datafield tag="655" ind1=" " ind2="2"><marc:subfield code="a">Biography</marc:subfield></marc:datafield><marc:datafield tag="655" ind1=" " ind2="2"><marc:subfield code="a">Congress</marc:subfield></marc:datafield><marc:datafield tag="655" ind1=" " ind2="7"><marc:subfield code="a">Biographies.</marc:subfield><marc:subfield code="2">fast</marc:subfield><marc:subfield code="0">(OCoLC)fst01919896</marc:subfield></marc:datafield><marc:datafield tag="655" ind1=" " ind2="7"><marc:subfield code="a">Biographies.</marc:subfield><marc:subfield code="2">lcgft</marc:subfield></marc:datafield><marc:datafield tag="655" ind1=" " ind2="7"><marc:subfield code="a">Conference papers and proceedings.</marc:subfield><marc:subfield code="2">fast</marc:subfield><marc:subfield code="0">(OCoLC)fst01423772</marc:subfield></marc:datafield><marc:datafield tag="655" ind1=" " ind2="7"><marc:subfield code="a">Conference papers and proceedings.</marc:subfield><marc:subfield code="2">lcgft</marc:subfield></marc:datafield><marc:datafield tag="655" ind1=" " ind2="7"><marc:subfield code="a">Criticism, interpretation, etc.</marc:subfield><marc:subfield code="2">fast</marc:subfield><marc:subfield code="0">(OCoLC)fst01411635</marc:subfield></marc:datafield><marc:datafield tag="655" ind1=" " ind2="7"><marc:subfield code="a">Literary criticism.</marc:subfield><marc:subfield code="2">fast</marc:subfield><marc:subfield code="0">(OCoLC)fst01986215</marc:subfield></marc:datafield><marc:datafield tag="655" ind1=" " ind2="7"><marc:subfield code="a">Literary criticism.</marc:subfield><marc:subfield code="2">lcgft</marc:subfield></marc:datafield><marc:datafield tag="700" ind1="1" ind2=" "><marc:subfield code="a">Biebuyck, Benjamin,</marc:subfield><marc:subfield code="d">1968-</marc:subfield><marc:subfield code="0">(ugent)801000881646</marc:subfield><marc:subfield code="0">(viaf)27897352</marc:subfield><marc:subfield code="e">promotor</marc:subfield></marc:datafield><marc:datafield tag="700" ind1="1" ind2=" "><marc:subfield code="a">Campe, Petra,</marc:subfield><marc:subfield code="d">1968-</marc:subfield><marc:subfield code="0">(ugent)802000236068</marc:subfield><marc:subfield code="0">(viaf)64102168</marc:subfield><marc:subfield code="e">promotor</marc:subfield></marc:datafield><marc:datafield tag="700" ind1="1" ind2=" "><marc:subfield code="a">Snick, Els,</marc:subfield><marc:subfield code="d">1966-</marc:subfield><marc:subfield code="0">(ugent)801000919133</marc:subfield><marc:subfield code="0">(viaf)81797666</marc:subfield><marc:subfield code="e">promotor</marc:subfield></marc:datafield><marc:datafield tag="920" ind1=" " ind2=" "><marc:subfield code="a">book</marc:subfield></marc:datafield><marc:datafield tag="SID" ind1=" " ind2=" "><marc:subfield code="a">Z39</marc:subfield><marc:subfield code="b">LOC</marc:subfield></marc:datafield></marc:record>