<marc:record><marc:leader>01231cam a2200337 i 4500</marc:leader><marc:controlfield tag="005">20250918232132.0</marc:controlfield><marc:controlfield tag="008">170223s2017    ii af  |rb   |001 ||eng|d</marc:controlfield><marc:controlfield tag="001">990036758860409161</marc:controlfield><marc:datafield tag="010" ind1=" " ind2=" "><marc:subfield code="a">2017353273</marc:subfield></marc:datafield><marc:datafield tag="020" ind1=" " ind2=" "><marc:subfield code="a">9789384067571</marc:subfield><marc:subfield code="q">(hardback)</marc:subfield></marc:datafield><marc:datafield tag="020" ind1=" " ind2=" "><marc:subfield code="a">9384067571</marc:subfield></marc:datafield><marc:datafield tag="025" ind1=" " ind2=" "><marc:subfield code="a">I-E-2017353273; 40-92</marc:subfield></marc:datafield><marc:datafield tag="035" ind1=" " ind2=" "><marc:subfield code="a">(RUG01)003675886</marc:subfield></marc:datafield><marc:datafield tag="035" ind1=" " ind2=" "><marc:subfield code="a">20460373</marc:subfield></marc:datafield><marc:datafield tag="035" ind1=" " ind2=" "><marc:subfield code="z">(OCoLC)973764444</marc:subfield><marc:subfield code="z">(OCoLC)974690971</marc:subfield><marc:subfield code="z">(OCoLC)974737850</marc:subfield><marc:subfield code="z">(OCoLC)974958513</marc:subfield><marc:subfield code="z">(OCoLC)975037623</marc:subfield><marc:subfield code="z">(OCoLC)975107183</marc:subfield></marc:datafield><marc:datafield tag="035" ind1=" " ind2=" "><marc:subfield code="a">(OCoLC)974789198</marc:subfield></marc:datafield><marc:datafield tag="040" ind1=" " ind2=" "><marc:subfield code="a">DKAGE</marc:subfield><marc:subfield code="b">eng</marc:subfield><marc:subfield code="c">DKAGE</marc:subfield><marc:subfield code="d">OCLCO</marc:subfield><marc:subfield code="d">YDX</marc:subfield><marc:subfield code="d">OCLCF</marc:subfield><marc:subfield code="d">DLC</marc:subfield><marc:subfield code="e">rda</marc:subfield></marc:datafield><marc:datafield tag="042" ind1=" " ind2=" "><marc:subfield code="a">lccopycat</marc:subfield><marc:subfield code="a">lcode</marc:subfield></marc:datafield><marc:datafield tag="043" ind1=" " ind2=" "><marc:subfield code="a">a-ii---</marc:subfield></marc:datafield><marc:datafield tag="050" ind1="0" ind2="0"><marc:subfield code="a">SF426</marc:subfield><marc:subfield code="b">.B375 2017</marc:subfield></marc:datafield><marc:datafield tag="082" ind1="0" ind2="4"><marc:subfield code="a">636.710954</marc:subfield><marc:subfield code="2">23</marc:subfield></marc:datafield><marc:datafield tag="100" ind1="1" ind2=" "><marc:subfield code="a">Baskaran, S. Theodore,</marc:subfield><marc:subfield code="d">1940-</marc:subfield><marc:subfield code="0">(viaf)116072317</marc:subfield></marc:datafield><marc:datafield tag="245" ind1="1" ind2="4"><marc:subfield code="a">The book of Indian dogs /</marc:subfield><marc:subfield code="c">S. Theodore Baskaran.</marc:subfield></marc:datafield><marc:datafield tag="246" ind1="3" ind2="0"><marc:subfield code="a">Indian dogs</marc:subfield></marc:datafield><marc:datafield tag="260" ind1=" " ind2=" "><marc:subfield code="a">New Delhi :</marc:subfield><marc:subfield code="b">Aleph,</marc:subfield><marc:subfield code="c">2017.</marc:subfield></marc:datafield><marc:datafield tag="300" ind1=" " ind2=" "><marc:subfield code="a">Xiv, 121 pages, 12 unnumbered pages of plates :</marc:subfield><marc:subfield code="b">ill. ;</marc:subfield><marc:subfield code="c">21 cm.</marc:subfield></marc:datafield><marc:datafield tag="500" ind1=" " ind2=" "><marc:subfield code="a">Other title information from cover: First comprehensive guide to Indian dog breeds in over fifty years.</marc:subfield></marc:datafield><marc:datafield tag="504" ind1=" " ind2=" "><marc:subfield code="a">Includes bibliographical references (pages 111-115) and index.</marc:subfield></marc:datafield><marc:datafield tag="650" ind1=" " ind2="0"><marc:subfield code="a">Dog breeds</marc:subfield><marc:subfield code="z">India.</marc:subfield></marc:datafield><marc:datafield tag="920" ind1=" " ind2=" "><marc:subfield code="a">book</marc:subfield></marc:datafield><marc:datafield tag="SID" ind1=" " ind2=" "><marc:subfield code="a">Z39</marc:subfield><marc:subfield code="b">LOC</marc:subfield></marc:datafield></marc:record>