<marc:record><marc:leader>00574nam a2200169 a 4500</marc:leader><marc:controlfield tag="005">20250918232133.0</marc:controlfield><marc:controlfield tag="008">250813|1965||||ne |||||r|||||||| ||dut|d</marc:controlfield><marc:controlfield tag="001">990036758850409161</marc:controlfield><marc:datafield tag="035" ind1=" " ind2=" "><marc:subfield code="a">(RUG01)003675885</marc:subfield></marc:datafield><marc:datafield tag="040" ind1=" " ind2=" "><marc:subfield code="a">BE-GnUNI</marc:subfield></marc:datafield><marc:datafield tag="050" ind1="0" ind2="0"><marc:subfield code="a">DJ401.G4</marc:subfield><marc:subfield code="b">G76</marc:subfield></marc:datafield><marc:datafield tag="100" ind1="1" ind2=" "><marc:subfield code="a">Formsma, Wiebe Jannes,</marc:subfield><marc:subfield code="d">1903-1999</marc:subfield><marc:subfield code="0">(viaf)117281571</marc:subfield></marc:datafield><marc:datafield tag="245" ind1="1" ind2="0"><marc:subfield code="a">Groningse volksalmanak 1964 /</marc:subfield><marc:subfield code="c">onder redactie van W.J.Formsma en A.T.Schuitema Meijer.</marc:subfield></marc:datafield><marc:datafield tag="260" ind1=" " ind2=" "><marc:subfield code="a">Groningen :</marc:subfield><marc:subfield code="b">Erven B. Van der Kamp,</marc:subfield><marc:subfield code="c">1965.</marc:subfield></marc:datafield><marc:datafield tag="300" ind1=" " ind2=" "><marc:subfield code="a">Xvi, 256 p.: ill.</marc:subfield></marc:datafield><marc:datafield tag="700" ind1="1" ind2=" "><marc:subfield code="a">Schuitema Meijer, Arent Toncko,</marc:subfield><marc:subfield code="d">....-</marc:subfield><marc:subfield code="0">(viaf)</marc:subfield></marc:datafield><marc:datafield tag="920" ind1=" " ind2=" "><marc:subfield code="a">book</marc:subfield></marc:datafield></marc:record>