<marc:record><marc:leader>01143cam a22002771  4500</marc:leader><marc:controlfield tag="005">20250918232136.0</marc:controlfield><marc:controlfield tag="008">780315s1895    nyuaf  |r    |000 ||eng||</marc:controlfield><marc:controlfield tag="001">990036758830409161</marc:controlfield><marc:datafield tag="010" ind1=" " ind2=" "><marc:subfield code="a">04033742</marc:subfield></marc:datafield><marc:datafield tag="035" ind1=" " ind2=" "><marc:subfield code="a">(RUG01)003675883</marc:subfield></marc:datafield><marc:datafield tag="035" ind1=" " ind2=" "><marc:subfield code="a">10075383</marc:subfield></marc:datafield><marc:datafield tag="035" ind1=" " ind2=" "><marc:subfield code="a">(DLC) 04033742</marc:subfield></marc:datafield><marc:datafield tag="035" ind1=" " ind2=" "><marc:subfield code="a">(OCoLC)3719206</marc:subfield></marc:datafield><marc:datafield tag="040" ind1=" " ind2=" "><marc:subfield code="a">DLC</marc:subfield><marc:subfield code="c">OOxM</marc:subfield><marc:subfield code="d">OCoLC</marc:subfield><marc:subfield code="d">DLC</marc:subfield></marc:datafield><marc:datafield tag="042" ind1=" " ind2=" "><marc:subfield code="a">premarc</marc:subfield></marc:datafield><marc:datafield tag="050" ind1="0" ind2="0"><marc:subfield code="a">SF41</marc:subfield><marc:subfield code="b">.S52</marc:subfield></marc:datafield><marc:datafield tag="100" ind1="1" ind2=" "><marc:subfield code="a">Shaler, Nathaniel Southgate,</marc:subfield><marc:subfield code="d">1841-1906</marc:subfield><marc:subfield code="0">(viaf)73971468</marc:subfield></marc:datafield><marc:datafield tag="245" ind1="1" ind2="0"><marc:subfield code="a">Domesticated animals :</marc:subfield><marc:subfield code="b">their relation to man and to his advancement in civilization /</marc:subfield><marc:subfield code="c">by Nathaniel Southgate Shaler.</marc:subfield></marc:datafield><marc:datafield tag="260" ind1=" " ind2=" "><marc:subfield code="a">New York :</marc:subfield><marc:subfield code="b">C. Scribner&apos;s Sons,</marc:subfield><marc:subfield code="c">1895.</marc:subfield></marc:datafield><marc:datafield tag="300" ind1=" " ind2=" "><marc:subfield code="a">Xi, 267 p. incl. front., illus., plates. ;</marc:subfield><marc:subfield code="c">23 cm.</marc:subfield></marc:datafield><marc:datafield tag="500" ind1=" " ind2=" "><marc:subfield code="3">BIB.S.061480</marc:subfield><marc:subfield code="a">Met brief van de auteur in de kaft gekleefd, d.d. 21/01/1896</marc:subfield></marc:datafield><marc:datafield tag="505" ind1="0" ind2=" "><marc:subfield code="a">The dog.--The horse.--The flocks and herds; beasts for burden, food, and raiment.--Domesticated birds.--Useful insects.--The rights of animals.--The problem of domestication.</marc:subfield></marc:datafield><marc:datafield tag="561" ind1=" " ind2=" "><marc:subfield code="3">BIB.S.061480</marc:subfield><marc:subfield code="a">Herkomst: Forrest E. Ferguson (Lake Wales, Fla.)</marc:subfield></marc:datafield><marc:datafield tag="650" ind1=" " ind2="0"><marc:subfield code="a">Domestic animals.</marc:subfield></marc:datafield><marc:datafield tag="920" ind1=" " ind2=" "><marc:subfield code="a">book</marc:subfield></marc:datafield><marc:datafield tag="SID" ind1=" " ind2=" "><marc:subfield code="a">Z39</marc:subfield><marc:subfield code="b">LOC</marc:subfield></marc:datafield></marc:record>