<marc:record><marc:leader>00567aam a2200193   4500</marc:leader><marc:controlfield tag="005">20250918232137.0</marc:controlfield><marc:controlfield tag="008">940713s1994    ne     |r    |||| ||dut||</marc:controlfield><marc:controlfield tag="001">990036758820409161</marc:controlfield><marc:datafield tag="020" ind1=" " ind2=" "><marc:subfield code="a">9023433874</marc:subfield></marc:datafield><marc:datafield tag="035" ind1=" " ind2=" "><marc:subfield code="a">(RUG01)003675882</marc:subfield></marc:datafield><marc:datafield tag="040" ind1=" " ind2=" "><marc:subfield code="a">VLACC I</marc:subfield><marc:subfield code="b">dut</marc:subfield></marc:datafield><marc:datafield tag="245" ind1="0" ind2="0"><marc:subfield code="a">Passie :</marc:subfield><marc:subfield code="b">de hartstocht van vrouwen /</marc:subfield><marc:subfield code="c">samengest. door Van Kooten, Barbara.</marc:subfield></marc:datafield><marc:datafield tag="260" ind1=" " ind2=" "><marc:subfield code="a">Amsterdam :</marc:subfield><marc:subfield code="b">De Bezige Bij,</marc:subfield><marc:subfield code="c">1994.</marc:subfield></marc:datafield><marc:datafield tag="300" ind1=" " ind2=" "><marc:subfield code="a">267 p.</marc:subfield></marc:datafield><marc:datafield tag="365" ind1=" " ind2=" "><marc:subfield code="b">450</marc:subfield></marc:datafield><marc:datafield tag="490" ind1="0" ind2=" "><marc:subfield code="a">De Bezige Bij bloemlezing</marc:subfield></marc:datafield><marc:datafield tag="700" ind1="1" ind2=" "><marc:subfield code="a">van Kooten, Barbara,</marc:subfield><marc:subfield code="d">1945-</marc:subfield><marc:subfield code="0">(viaf)287070160</marc:subfield></marc:datafield><marc:datafield tag="920" ind1=" " ind2=" "><marc:subfield code="a">book</marc:subfield></marc:datafield><marc:datafield tag="SID" ind1=" " ind2=" "><marc:subfield code="a">Z39</marc:subfield><marc:subfield code="b">NOMUSIC</marc:subfield></marc:datafield></marc:record>