<marc:record><marc:leader>00949cam a2200289 c 4500</marc:leader><marc:controlfield tag="005">20250918232136.0</marc:controlfield><marc:controlfield tag="008">940312s1924    xx |||||r    |00| ||ger|c</marc:controlfield><marc:controlfield tag="001">990036758810409161</marc:controlfield><marc:datafield tag="035" ind1=" " ind2=" "><marc:subfield code="a">(RUG01)003675881</marc:subfield></marc:datafield><marc:datafield tag="035" ind1=" " ind2=" "><marc:subfield code="a">(DE-627)143168282</marc:subfield></marc:datafield><marc:datafield tag="035" ind1=" " ind2=" "><marc:subfield code="a">(DE-599)GBV143168282</marc:subfield></marc:datafield><marc:datafield tag="035" ind1=" " ind2=" "><marc:subfield code="a">(OCoLC)17204724</marc:subfield></marc:datafield><marc:datafield tag="040" ind1=" " ind2=" "><marc:subfield code="a">DE-627</marc:subfield><marc:subfield code="b">ger</marc:subfield><marc:subfield code="c">DE-627</marc:subfield><marc:subfield code="e">rda</marc:subfield></marc:datafield><marc:datafield tag="041" ind1=" " ind2=" "><marc:subfield code="a">ger</marc:subfield></marc:datafield><marc:datafield tag="044" ind1=" " ind2=" "><marc:subfield code="c">XA-DXDE</marc:subfield></marc:datafield><marc:datafield tag="084" ind1=" " ind2=" "><marc:subfield code="a">48.60</marc:subfield><marc:subfield code="2">bkl</marc:subfield></marc:datafield><marc:datafield tag="084" ind1=" " ind2=" "><marc:subfield code="a">NAT 785</marc:subfield><marc:subfield code="2">sfb</marc:subfield></marc:datafield><marc:datafield tag="084" ind1=" " ind2=" "><marc:subfield code="a">WG 9500</marc:subfield><marc:subfield code="2">rvk</marc:subfield><marc:subfield code="0">(DE-625)rvk/148628:</marc:subfield></marc:datafield><marc:datafield tag="100" ind1="1" ind2=" "><marc:subfield code="a">Stegmann von Pritzwald, Friedrich Percival,</marc:subfield><marc:subfield code="d">1868-1938</marc:subfield><marc:subfield code="0">(viaf)66827232</marc:subfield></marc:datafield><marc:datafield tag="245" ind1="1" ind2="4"><marc:subfield code="a">Die Rassengeschichte der Wirtschaftstiere und ihre Bedeutung für die Geschichte der Menschheit /</marc:subfield><marc:subfield code="c">von Dr. F. P. Stegmann von Pritzwald.</marc:subfield></marc:datafield><marc:datafield tag="260" ind1=" " ind2=" "><marc:subfield code="a">Jena :</marc:subfield><marc:subfield code="b">Fischer,</marc:subfield><marc:subfield code="c">1924.</marc:subfield></marc:datafield><marc:datafield tag="300" ind1=" " ind2=" "><marc:subfield code="a">VIII, 371 p.: ill. ;</marc:subfield><marc:subfield code="c">8°.</marc:subfield></marc:datafield><marc:datafield tag="500" ind1=" " ind2=" "><marc:subfield code="a">Literaturverzeichnis: Seite 349-355</marc:subfield></marc:datafield><marc:datafield tag="650" ind1=" " ind2="4"><marc:subfield code="a">Haustiere</marc:subfield></marc:datafield><marc:datafield tag="650" ind1=" " ind2="4"><marc:subfield code="a">Nutztiere</marc:subfield></marc:datafield><marc:datafield tag="920" ind1=" " ind2=" "><marc:subfield code="a">book</marc:subfield></marc:datafield><marc:datafield tag="SID" ind1=" " ind2=" "><marc:subfield code="a">Z39</marc:subfield><marc:subfield code="b">K10PLUS</marc:subfield></marc:datafield></marc:record>