<marc:record><marc:leader>00673nam a22002291  4500</marc:leader><marc:controlfield tag="005">20250918232133.0</marc:controlfield><marc:controlfield tag="008">901203s1914    gw a   |r    |000 ||ger||</marc:controlfield><marc:controlfield tag="001">990036758800409161</marc:controlfield><marc:datafield tag="010" ind1=" " ind2=" "><marc:subfield code="a">14007891</marc:subfield></marc:datafield><marc:datafield tag="035" ind1=" " ind2=" "><marc:subfield code="a">(RUG01)003675880</marc:subfield></marc:datafield><marc:datafield tag="035" ind1=" " ind2=" "><marc:subfield code="a">2161948</marc:subfield></marc:datafield><marc:datafield tag="035" ind1=" " ind2=" "><marc:subfield code="a">(DLC) 14007891</marc:subfield></marc:datafield><marc:datafield tag="040" ind1=" " ind2=" "><marc:subfield code="a">DLC/ICU</marc:subfield><marc:subfield code="c">ICU</marc:subfield></marc:datafield><marc:datafield tag="050" ind1="0" ind2="0"><marc:subfield code="a">QD341.H9</marc:subfield><marc:subfield code="b">S35</marc:subfield></marc:datafield><marc:datafield tag="100" ind1="1" ind2=" "><marc:subfield code="a">Schmidlin, Julius,</marc:subfield><marc:subfield code="d">....-</marc:subfield><marc:subfield code="0">(viaf)42620344</marc:subfield></marc:datafield><marc:datafield tag="245" ind1="1" ind2="4"><marc:subfield code="a">Das triphenylmethyl /</marc:subfield><marc:subfield code="c">von professor dr. Julius Schmidlin.</marc:subfield></marc:datafield><marc:datafield tag="260" ind1=" " ind2=" "><marc:subfield code="a">Stuttgart :</marc:subfield><marc:subfield code="b">Enke,</marc:subfield><marc:subfield code="c">1914.</marc:subfield></marc:datafield><marc:datafield tag="300" ind1=" " ind2=" "><marc:subfield code="a">Xii, 233 p. :</marc:subfield><marc:subfield code="b">illus., diagrs. ;</marc:subfield><marc:subfield code="c">26 cm.</marc:subfield></marc:datafield><marc:datafield tag="490" ind1="0" ind2=" "><marc:subfield code="a">Chemie in Einzeldarstellungen ;</marc:subfield><marc:subfield code="v">6</marc:subfield></marc:datafield><marc:datafield tag="650" ind1=" " ind2="0"><marc:subfield code="a">Triphenylmethyl.</marc:subfield></marc:datafield><marc:datafield tag="920" ind1=" " ind2=" "><marc:subfield code="a">book</marc:subfield></marc:datafield><marc:datafield tag="SID" ind1=" " ind2=" "><marc:subfield code="a">Z39</marc:subfield><marc:subfield code="b">LOC</marc:subfield></marc:datafield></marc:record>