<marc:record><marc:leader>00548nam a2200169 a 4500</marc:leader><marc:controlfield tag="005">20250918232136.0</marc:controlfield><marc:controlfield tag="008">250813s1920    enk|||||r|||||||| ||eng|d</marc:controlfield><marc:controlfield tag="001">990036758790409161</marc:controlfield><marc:datafield tag="035" ind1=" " ind2=" "><marc:subfield code="a">(RUG01)003675879</marc:subfield></marc:datafield><marc:datafield tag="040" ind1=" " ind2=" "><marc:subfield code="a">BE-GnUNI</marc:subfield></marc:datafield><marc:datafield tag="100" ind1="1" ind2=" "><marc:subfield code="a">Neave, George Ballingall,</marc:subfield><marc:subfield code="d">....-</marc:subfield><marc:subfield code="0">(viaf)118051662</marc:subfield></marc:datafield><marc:datafield tag="245" ind1="1" ind2="4"><marc:subfield code="a">The identification of organic compounds /</marc:subfield><marc:subfield code="c">by G. B. Neave and I. M. Heilbron.</marc:subfield></marc:datafield><marc:datafield tag="250" ind1=" " ind2=" "><marc:subfield code="a">2nd edition</marc:subfield></marc:datafield><marc:datafield tag="260" ind1=" " ind2=" "><marc:subfield code="a">London :</marc:subfield><marc:subfield code="b">Constable,</marc:subfield><marc:subfield code="c">1920.</marc:subfield></marc:datafield><marc:datafield tag="300" ind1=" " ind2=" "><marc:subfield code="a">Viii, 88 p.</marc:subfield></marc:datafield><marc:datafield tag="700" ind1="1" ind2=" "><marc:subfield code="a">Heilbron, Ian Morris,</marc:subfield><marc:subfield code="c">Sir,</marc:subfield><marc:subfield code="d">1886-1959</marc:subfield><marc:subfield code="0">(viaf)6437471</marc:subfield></marc:datafield><marc:datafield tag="920" ind1=" " ind2=" "><marc:subfield code="a">book</marc:subfield></marc:datafield></marc:record>