<marc:record><marc:leader>02122cam a22003618i 4500</marc:leader><marc:controlfield tag="005">20250918232134.0</marc:controlfield><marc:controlfield tag="008">250603s2025    ne     |rb   |001 ||eng||</marc:controlfield><marc:controlfield tag="001">990036758750409161</marc:controlfield><marc:datafield tag="010" ind1=" " ind2=" "><marc:subfield code="a">2025024422</marc:subfield></marc:datafield><marc:datafield tag="020" ind1=" " ind2=" "><marc:subfield code="a">9789004734616</marc:subfield><marc:subfield code="q">hbk</marc:subfield></marc:datafield><marc:datafield tag="020" ind1=" " ind2=" "><marc:subfield code="z">9789004734630</marc:subfield><marc:subfield code="q">ebook</marc:subfield></marc:datafield><marc:datafield tag="035" ind1=" " ind2=" "><marc:subfield code="a">(RUG01)003675875</marc:subfield></marc:datafield><marc:datafield tag="035" ind1=" " ind2=" "><marc:subfield code="a">(DLC)24229770</marc:subfield></marc:datafield><marc:datafield tag="040" ind1=" " ind2=" "><marc:subfield code="a">DLC</marc:subfield><marc:subfield code="b">eng</marc:subfield><marc:subfield code="c">DLC</marc:subfield><marc:subfield code="d">DLC-MRC</marc:subfield><marc:subfield code="e">rda</marc:subfield></marc:datafield><marc:datafield tag="042" ind1=" " ind2=" "><marc:subfield code="a">pcc</marc:subfield></marc:datafield><marc:datafield tag="050" ind1="0" ind2="0"><marc:subfield code="a">PN1995.9.N36</marc:subfield><marc:subfield code="b">G67 2025</marc:subfield></marc:datafield><marc:datafield tag="082" ind1="0" ind2="0"><marc:subfield code="a">791.43/6584360522</marc:subfield><marc:subfield code="2">23/eng/20250627</marc:subfield></marc:datafield><marc:datafield tag="100" ind1="1" ind2=" "><marc:subfield code="a">Gortat, Jakub,</marc:subfield><marc:subfield code="d">....-</marc:subfield><marc:subfield code="0">(viaf)1144782930358846040</marc:subfield></marc:datafield><marc:datafield tag="245" ind1="1" ind2="0"><marc:subfield code="a">Remembering national socialism in Austrian post-war film (1945-1955) /</marc:subfield><marc:subfield code="c">by Jakub Gortat.</marc:subfield></marc:datafield><marc:datafield tag="260" ind1=" " ind2=" "><marc:subfield code="a">Leiden :</marc:subfield><marc:subfield code="b">Brill,</marc:subfield><marc:subfield code="c">2025.</marc:subfield></marc:datafield><marc:datafield tag="264" ind1=" " ind2="1"><marc:subfield code="a">Leiden ;</marc:subfield><marc:subfield code="a">Boston :</marc:subfield><marc:subfield code="b">Brill,</marc:subfield><marc:subfield code="c">2025.</marc:subfield></marc:datafield><marc:datafield tag="300" ind1=" " ind2=" "><marc:subfield code="a">VIII, 258 p.: ill.</marc:subfield></marc:datafield><marc:datafield tag="490" ind1="0" ind2=" "><marc:subfield code="a">Amsterdamer Beiträge zur neueren Germanistik ;</marc:subfield><marc:subfield code="v">101</marc:subfield><marc:subfield code="x">0304-6257</marc:subfield></marc:datafield><marc:datafield tag="504" ind1=" " ind2=" "><marc:subfield code="a">Includes bibliographical references and index.</marc:subfield></marc:datafield><marc:datafield tag="520" ind1=" " ind2=" "><marc:subfield code="a">&quot;Entrenched in the myth of being victim of the Nazi aggression, Austrian elites pursued a politics of memory that symbolically shook off any responsibility for the emergence, development and consequences of National Socialism. Authors of the vast majority of films produced early after 1945 were not interested in dealing with the recent Nazi past of their country. There were, however, exceptions. Through detailed analysis of the narratives, stylistic patterns and reception of films that were set during or immediately after World War II, this book explains how cinema corroborated Austrian national self-stereotypes, at the same time offering a critique of the Nazi regime&quot;-- Provided by publisher.</marc:subfield></marc:datafield><marc:datafield tag="650" ind1=" " ind2="0"><marc:subfield code="a">Collective memory and motion pictures</marc:subfield><marc:subfield code="z">Austria</marc:subfield></marc:datafield><marc:datafield tag="650" ind1=" " ind2="0"><marc:subfield code="a">Motion pictures</marc:subfield><marc:subfield code="x">History</marc:subfield><marc:subfield code="y">20th century</marc:subfield><marc:subfield code="z">Austria</marc:subfield></marc:datafield><marc:datafield tag="650" ind1=" " ind2="0"><marc:subfield code="a">National characteristics, Austrian, in motion pictures</marc:subfield></marc:datafield><marc:datafield tag="650" ind1=" " ind2="0"><marc:subfield code="a">National socialism in motion pictures</marc:subfield><marc:subfield code="0">http://id.loc.gov/authorities/subjects/sh85090139</marc:subfield></marc:datafield><marc:datafield tag="650" ind1=" " ind2="0"><marc:subfield code="a">World War, 1939-1945</marc:subfield><marc:subfield code="x">Motion pictures and the war</marc:subfield><marc:subfield code="0">http://id.loc.gov/authorities/subjects/sh85148447</marc:subfield></marc:datafield><marc:datafield tag="651" ind1=" " ind2="0"><marc:subfield code="a">Austria</marc:subfield><marc:subfield code="x">In motion pictures</marc:subfield></marc:datafield><marc:datafield tag="920" ind1=" " ind2=" "><marc:subfield code="a">book</marc:subfield></marc:datafield><marc:datafield tag="SID" ind1=" " ind2=" "><marc:subfield code="a">Z39</marc:subfield><marc:subfield code="b">LOC</marc:subfield></marc:datafield></marc:record>