<marc:record><marc:leader>01295cam a22003137a 4500</marc:leader><marc:controlfield tag="005">20250918232135.0</marc:controlfield><marc:controlfield tag="008">820927s1981    gw     |r    |000 ||ger||</marc:controlfield><marc:controlfield tag="001">990036758740409161</marc:controlfield><marc:datafield tag="010" ind1=" " ind2=" "><marc:subfield code="a">82212337</marc:subfield></marc:datafield><marc:datafield tag="020" ind1=" " ind2=" "><marc:subfield code="a">3518371703</marc:subfield></marc:datafield><marc:datafield tag="020" ind1=" " ind2=" "><marc:subfield code="a">9783518371701</marc:subfield></marc:datafield><marc:datafield tag="035" ind1=" " ind2=" "><marc:subfield code="a">(RUG01)003675874</marc:subfield></marc:datafield><marc:datafield tag="035" ind1=" " ind2=" "><marc:subfield code="a">2816937</marc:subfield></marc:datafield><marc:datafield tag="035" ind1=" " ind2=" "><marc:subfield code="a">(DLC) 82212337</marc:subfield></marc:datafield><marc:datafield tag="040" ind1=" " ind2=" "><marc:subfield code="a">DLC</marc:subfield><marc:subfield code="c">DLC</marc:subfield><marc:subfield code="d">DLC</marc:subfield></marc:datafield><marc:datafield tag="050" ind1="0" ind2="0"><marc:subfield code="a">MLCS 84/7441 (P)</marc:subfield></marc:datafield><marc:datafield tag="100" ind1="1" ind2=" "><marc:subfield code="a">Strugackij, Arkadij Natanovič,</marc:subfield><marc:subfield code="d">1925-1991</marc:subfield><marc:subfield code="0">(viaf)116149841948802840319</marc:subfield></marc:datafield><marc:datafield tag="245" ind1="1" ind2="0"><marc:subfield code="a">Picknick am Wegesrand :</marc:subfield><marc:subfield code="b">utopische Erzählung /</marc:subfield><marc:subfield code="c">Arkadi und Boris Strugatzki ; mit einem Nachwort von Stanisław Lem ; [aus dem Russischen von Aljonna Möckel, das Nachwort von Stanisław Lem übersetzte Friedrich Griese aus dem Polnischen].</marc:subfield></marc:datafield><marc:datafield tag="260" ind1=" " ind2=" "><marc:subfield code="a">Frankfurt am Main :</marc:subfield><marc:subfield code="b">Suhrkamp,</marc:subfield><marc:subfield code="c">1981.</marc:subfield></marc:datafield><marc:datafield tag="300" ind1=" " ind2=" "><marc:subfield code="a">214 p. ; 18 cm.</marc:subfield></marc:datafield><marc:datafield tag="490" ind1="0" ind2=" "><marc:subfield code="a">Suhrkamp Taschenbuch ;</marc:subfield><marc:subfield code="v">670</marc:subfield></marc:datafield><marc:datafield tag="490" ind1="0" ind2=" "><marc:subfield code="a">Phantastische Bibliothek ;</marc:subfield><marc:subfield code="v">49</marc:subfield></marc:datafield><marc:datafield tag="500" ind1=" " ind2=" "><marc:subfield code="a">GFR82-A5</marc:subfield></marc:datafield><marc:datafield tag="700" ind1="1" ind2=" "><marc:subfield code="a">Strugackij, Boris Natanovič,</marc:subfield><marc:subfield code="d">1933-2012</marc:subfield><marc:subfield code="0">(viaf)271145541841796600449</marc:subfield></marc:datafield><marc:datafield tag="700" ind1="1" ind2=" "><marc:subfield code="a">Möckel, Aljonna,</marc:subfield><marc:subfield code="d">1941-</marc:subfield><marc:subfield code="0">(viaf)197383413</marc:subfield></marc:datafield><marc:datafield tag="765" ind1="0" ind2="8"><marc:subfield code="a">Пикник на обочине</marc:subfield></marc:datafield><marc:datafield tag="765" ind1="0" ind2="8"><marc:subfield code="a">Piknik na obotchine</marc:subfield></marc:datafield><marc:datafield tag="920" ind1=" " ind2=" "><marc:subfield code="a">book</marc:subfield></marc:datafield><marc:datafield tag="SID" ind1=" " ind2=" "><marc:subfield code="a">Z39</marc:subfield><marc:subfield code="b">LOC</marc:subfield></marc:datafield></marc:record>