<marc:record><marc:leader>00799ntm a2200205 a 4500</marc:leader><marc:controlfield tag="005">20250918120639.0</marc:controlfield><marc:controlfield tag="008">250806q18751935be |||||#|||||||| ||dut|d</marc:controlfield><marc:controlfield tag="001">990036758730409161</marc:controlfield><marc:datafield tag="035" ind1=" " ind2=" "><marc:subfield code="a">(RUG01)003675873</marc:subfield></marc:datafield><marc:datafield tag="040" ind1=" " ind2=" "><marc:subfield code="a">BE-GnUNI</marc:subfield></marc:datafield><marc:datafield tag="100" ind1="1" ind2=" "><marc:subfield code="a">Wattez, Omer,</marc:subfield><marc:subfield code="d">1857-1935</marc:subfield><marc:subfield code="0">(viaf)160049461</marc:subfield></marc:datafield><marc:datafield tag="245" ind1="1" ind2="0"><marc:subfield code="a">Lijst van letterkundige werken van Vlaamsche schrijvers sedert 1830 /</marc:subfield><marc:subfield code="c">Omer Wattez.</marc:subfield></marc:datafield><marc:datafield tag="260" ind1=" " ind2=" "><marc:subfield code="c">[eind 19e-begin 20e eeuw].</marc:subfield></marc:datafield><marc:datafield tag="300" ind1=" " ind2=" "><marc:subfield code="a">Losbladig.</marc:subfield></marc:datafield><marc:datafield tag="340" ind1=" " ind2=" "><marc:subfield code="a">Papier</marc:subfield></marc:datafield><marc:datafield tag="500" ind1=" " ind2=" "><marc:subfield code="a">Nota op titelblad: Opgemaakt voor den Hoogeren Raad der Openbare Bibliotheken (Ministerie van Kunsten en Wetenschappen).</marc:subfield></marc:datafield><marc:datafield tag="561" ind1=" " ind2=" "><marc:subfield code="3">BHSL.HS.4985</marc:subfield><marc:subfield code="a">Herkomst: Koninklijke Academie voor Nederlandse Taal- en Letterkunde 20/03/2024.</marc:subfield></marc:datafield><marc:datafield tag="591" ind1=" " ind2=" "><marc:subfield code="a">Bijzondere collecties</marc:subfield></marc:datafield><marc:datafield tag="655" ind1=" " ind2="7"><marc:subfield code="a">Manuscripts.</marc:subfield><marc:subfield code="2">UGENTSC</marc:subfield></marc:datafield><marc:datafield tag="920" ind1=" " ind2=" "><marc:subfield code="a">manuscript</marc:subfield></marc:datafield></marc:record>