<marc:record><marc:leader>02438nam a22002775i 4500</marc:leader><marc:controlfield tag="005">20250918093208.0</marc:controlfield><marc:controlfield tag="008">241120s2025    nyu    |r    |000 ||eng||</marc:controlfield><marc:controlfield tag="001">990036758720409161</marc:controlfield><marc:datafield tag="010" ind1=" " ind2=" "><marc:subfield code="a">2024950772</marc:subfield></marc:datafield><marc:datafield tag="020" ind1=" " ind2=" "><marc:subfield code="a">9780198926528</marc:subfield><marc:subfield code="q">(hardback)</marc:subfield></marc:datafield><marc:datafield tag="020" ind1=" " ind2=" "><marc:subfield code="z">9780198926559</marc:subfield><marc:subfield code="q">(ebook other)</marc:subfield></marc:datafield><marc:datafield tag="020" ind1=" " ind2=" "><marc:subfield code="z">9780198926535</marc:subfield><marc:subfield code="q">(ebook)</marc:subfield></marc:datafield><marc:datafield tag="020" ind1=" " ind2=" "><marc:subfield code="z">9780198926542</marc:subfield><marc:subfield code="q">(epub)</marc:subfield></marc:datafield><marc:datafield tag="035" ind1=" " ind2=" "><marc:subfield code="a">(RUG01)003675872</marc:subfield></marc:datafield><marc:datafield tag="035" ind1=" " ind2=" "><marc:subfield code="a">(RUG01)003675872RUG01</marc:subfield></marc:datafield><marc:datafield tag="035" ind1=" " ind2=" "><marc:subfield code="a">23928048</marc:subfield></marc:datafield><marc:datafield tag="040" ind1=" " ind2=" "><marc:subfield code="a">DLC</marc:subfield><marc:subfield code="b">eng</marc:subfield><marc:subfield code="c">DLC</marc:subfield><marc:subfield code="e">rda</marc:subfield></marc:datafield><marc:datafield tag="042" ind1=" " ind2=" "><marc:subfield code="a">pcc</marc:subfield></marc:datafield><marc:datafield tag="100" ind1="1" ind2=" "><marc:subfield code="a">Pardey, Ulrich,</marc:subfield><marc:subfield code="d">....-</marc:subfield><marc:subfield code="0">(viaf)51781068</marc:subfield><marc:subfield code="4">aut</marc:subfield></marc:datafield><marc:datafield tag="245" ind1="1" ind2="0"><marc:subfield code="a">Frege: identity challenges reflection /</marc:subfield><marc:subfield code="c">Ulrich Pardey, Kai Wehmeier.</marc:subfield></marc:datafield><marc:datafield tag="264" ind1=" " ind2="1"><marc:subfield code="a">New york :</marc:subfield><marc:subfield code="b">Oxford University Press,</marc:subfield><marc:subfield code="c">2025.</marc:subfield></marc:datafield><marc:datafield tag="300" ind1=" " ind2=" "><marc:subfield code="a">XII, 332 p.</marc:subfield></marc:datafield><marc:datafield tag="520" ind1=" " ind2=" "><marc:subfield code="a">&quot;In &apos;On Sense and Reference&apos;, Frege wrote: &apos;Equality [i.e., identity] challenges reflection through questions that attach to it and are not altogether easy to answer. Is it a relation? a relation between objects? or between names or signs for objects?&apos; Today common wisdom has it that identity no longer challenges reflection: we now know that it must be understood as the relation of objectual identity. But several eminent philosophers found the concept of such a relation problematic, including Hume, Russell, Wittgenstein, and (we argue) Frege. This book argues that their objections have never been adequately addressed; instead they have been set aside, since some notion of identity was felt to be needed for logic and mathematics, and no viable alternative to objectual identity was known. It is argued, by rebutting the formal and philosophical objections that have been leveled against it, that Frege&apos;s Concept Script offers such a viable alternative. Part I of the book is a novel interpretation and defense of Frege&apos;s sign-based conception of identity as presented in CS and SR. The usual objections against it lose their force as soon as one takes seriously Frege&apos;s &apos;bifurcation in the meaning of all signs&apos;. Part II is an extended argument for the dispensability and indeed incoherence of the notion of a binary objectual identity relation. The argument for incoherence begins with a detailed discussion of the notion of relational arity. This leads to an &apos;Arity Principle&apos; according to which a (binary) relation of objectual identity cannot exist&quot;--</marc:subfield><marc:subfield code="c">Provided by publisher.</marc:subfield></marc:datafield><marc:datafield tag="700" ind1="1" ind2=" "><marc:subfield code="a">Wehmeier, Kai,</marc:subfield><marc:subfield code="d">....-</marc:subfield><marc:subfield code="0">(viaf)177144898745150290458</marc:subfield><marc:subfield code="4">aut</marc:subfield></marc:datafield><marc:datafield tag="920" ind1=" " ind2=" "><marc:subfield code="a">book</marc:subfield></marc:datafield><marc:datafield tag="SID" ind1=" " ind2=" "><marc:subfield code="a">Z39</marc:subfield><marc:subfield code="b">LOC</marc:subfield></marc:datafield></marc:record>