<marc:record><marc:leader>00904nam a2200217 a 4500</marc:leader><marc:controlfield tag="005">20250918232133.0</marc:controlfield><marc:controlfield tag="008">250811|2013||||xx |||||r|||||||| ||fre|d</marc:controlfield><marc:controlfield tag="001">990036758690409161</marc:controlfield><marc:datafield tag="020" ind1=" " ind2=" "><marc:subfield code="a">9782070451678</marc:subfield></marc:datafield><marc:datafield tag="035" ind1=" " ind2=" "><marc:subfield code="a">(RUG01)003675869</marc:subfield></marc:datafield><marc:datafield tag="040" ind1=" " ind2=" "><marc:subfield code="a">BE-GnUNI</marc:subfield></marc:datafield><marc:datafield tag="100" ind1="1" ind2=" "><marc:subfield code="a">Strugackij, Arkadij Natanovič,</marc:subfield><marc:subfield code="d">1925-1991</marc:subfield><marc:subfield code="0">(viaf)116149841948802840319</marc:subfield></marc:datafield><marc:datafield tag="245" ind1="1" ind2="0"><marc:subfield code="a">Stalker :</marc:subfield><marc:subfield code="b">pique-nique au bord du chemin /</marc:subfield><marc:subfield code="c">Arcadi Strougatski; Boris Strougatski; traduit du russe par Svetlana Delmotte.</marc:subfield></marc:datafield><marc:datafield tag="260" ind1=" " ind2=" "><marc:subfield code="a">Paris :</marc:subfield><marc:subfield code="b">Denoël,</marc:subfield><marc:subfield code="c">2013.</marc:subfield></marc:datafield><marc:datafield tag="300" ind1=" " ind2=" "><marc:subfield code="a">302 p.</marc:subfield></marc:datafield><marc:datafield tag="490" ind1="0" ind2=" "><marc:subfield code="a">Folio science-fiction</marc:subfield><marc:subfield code="v">462</marc:subfield></marc:datafield><marc:datafield tag="700" ind1="1" ind2=" "><marc:subfield code="a">Strugackij, Boris Natanovič,</marc:subfield><marc:subfield code="d">1933-2012</marc:subfield><marc:subfield code="0">(viaf)271145541841796600449</marc:subfield></marc:datafield><marc:datafield tag="700" ind1="1" ind2=" "><marc:subfield code="a">Delmotte, Svetlana,</marc:subfield><marc:subfield code="d">....-</marc:subfield><marc:subfield code="0">(viaf)12420259</marc:subfield></marc:datafield><marc:datafield tag="765" ind1="0" ind2="8"><marc:subfield code="a">Пикник на обочине</marc:subfield></marc:datafield><marc:datafield tag="765" ind1="0" ind2="8"><marc:subfield code="a">Piknik na obotchine</marc:subfield></marc:datafield><marc:datafield tag="920" ind1=" " ind2=" "><marc:subfield code="a">book</marc:subfield></marc:datafield></marc:record>