<marc:record><marc:leader>01725cam a22002537  4500</marc:leader><marc:controlfield tag="005">20250918232116.0</marc:controlfield><marc:controlfield tag="008">150123s2014    be     |r    |000 ||dut|d</marc:controlfield><marc:controlfield tag="001">990036758650409161</marc:controlfield><marc:datafield tag="020" ind1=" " ind2=" "><marc:subfield code="a">9789038224343</marc:subfield><marc:subfield code="q">(paperback)</marc:subfield></marc:datafield><marc:datafield tag="020" ind1=" " ind2=" "><marc:subfield code="a">9038224346</marc:subfield><marc:subfield code="q">(paperback)</marc:subfield></marc:datafield><marc:datafield tag="035" ind1=" " ind2=" "><marc:subfield code="a">(RUG01)003675865</marc:subfield></marc:datafield><marc:datafield tag="035" ind1=" " ind2=" "><marc:subfield code="a">(OCoLC)900685716</marc:subfield></marc:datafield><marc:datafield tag="040" ind1=" " ind2=" "><marc:subfield code="a">ERASA</marc:subfield><marc:subfield code="b">eng</marc:subfield><marc:subfield code="c">ERASA</marc:subfield><marc:subfield code="d">OCLCQ</marc:subfield><marc:subfield code="d">OCLCL</marc:subfield><marc:subfield code="d">OCLCQ</marc:subfield></marc:datafield><marc:datafield tag="050" ind1=" " ind2="4"><marc:subfield code="a">PN</marc:subfield></marc:datafield><marc:datafield tag="082" ind1="0" ind2="4"><marc:subfield code="a">800</marc:subfield></marc:datafield><marc:datafield tag="245" ind1="0" ind2="0"><marc:subfield code="a">Sinds Columbus het ei ontdekte. Proeven van letterkundig onderzoek. /</marc:subfield><marc:subfield code="c">Yves T&apos;Sjoen.</marc:subfield></marc:datafield><marc:datafield tag="260" ind1=" " ind2=" "><marc:subfield code="a">Gent :</marc:subfield><marc:subfield code="b">Academia press,</marc:subfield><marc:subfield code="c">2014.</marc:subfield></marc:datafield><marc:datafield tag="300" ind1=" " ind2=" "><marc:subfield code="a">85 p.</marc:subfield></marc:datafield><marc:datafield tag="490" ind1="0" ind2=" "><marc:subfield code="a">Jaarboek van de Bond van Gentse Germanisten</marc:subfield></marc:datafield><marc:datafield tag="520" ind1="8" ind2=" "><marc:subfield code="a">Het letterkundig onderzoek met betrekking tot een Germaanse taal levert elk academiejaar revelerende bevindingen op die worden gepresenteerd in masterscripties van de opleidingen Taal- en letterkunde, Historische taal- en letterkunde en Vergelijke moderne letterkunde. 0Deze aflevering van het &apos;Jaarboek van de Bond van Gentse Germanisten&apos;, &apos;Sinds Columbus het ei ontdekte&apos; (naar een tekstregel van de Vlaamse dichter en prozaschrijver Marcel Wauters), omvat vier bijdragen die een aspect van de Duitse, Engelse, Nederlandse respectievelijk Zweedse literatuur behandelen. De afgestudeerde masters Elien Arckens, Chiara Coen, Lise Delabie en Warda El-Kaddouri publiceren op basis van hun eindverhandeling artikelen over het literaire werk van de Amerikaanse schrijfster Marianne Moore, de Zweedse auteurs Stian Hole en Bengt-Erik Engholm, de Vlaamse experimenteel Marcel Wauters en de dichter E.T.A. Hoffmann.</marc:subfield></marc:datafield><marc:datafield tag="700" ind1="1" ind2=" "><marc:subfield code="a">T&apos;Sjoen, Yves,</marc:subfield><marc:subfield code="d">1966-</marc:subfield><marc:subfield code="0">(ugent)801000850425</marc:subfield><marc:subfield code="0">(viaf)5083467</marc:subfield></marc:datafield><marc:datafield tag="830" ind1=" " ind2="0"><marc:subfield code="a">Jaarboek van de Bond van Gentse Germanisten.</marc:subfield></marc:datafield><marc:datafield tag="920" ind1=" " ind2=" "><marc:subfield code="a">book</marc:subfield></marc:datafield><marc:datafield tag="SID" ind1=" " ind2=" "><marc:subfield code="a">Z39</marc:subfield><marc:subfield code="b">01HVD_INST</marc:subfield></marc:datafield></marc:record>