<marc:record><marc:leader>01329cam a2200361 c 4500</marc:leader><marc:controlfield tag="005">20250918232111.0</marc:controlfield><marc:controlfield tag="008">860625s1971    gw |||||r    |00| ||ger|c</marc:controlfield><marc:controlfield tag="001">990036758640409161</marc:controlfield><marc:datafield tag="016" ind1="7" ind2=" "><marc:subfield code="a">720034558</marc:subfield><marc:subfield code="2">DE-101</marc:subfield></marc:datafield><marc:datafield tag="020" ind1=" " ind2=" "><marc:subfield code="a">3490024184</marc:subfield><marc:subfield code="q">3490024184</marc:subfield></marc:datafield><marc:datafield tag="035" ind1=" " ind2=" "><marc:subfield code="a">(RUG01)003675864</marc:subfield></marc:datafield><marc:datafield tag="035" ind1=" " ind2=" "><marc:subfield code="a">(DE-627)1620153696</marc:subfield></marc:datafield><marc:datafield tag="035" ind1=" " ind2=" "><marc:subfield code="a">(DE-576)011618191</marc:subfield></marc:datafield><marc:datafield tag="035" ind1=" " ind2=" "><marc:subfield code="a">(DE-599)BSZ011618191</marc:subfield></marc:datafield><marc:datafield tag="035" ind1=" " ind2=" "><marc:subfield code="a">(OCoLC)721170140</marc:subfield></marc:datafield><marc:datafield tag="035" ind1=" " ind2=" "><marc:subfield code="a">(OCoLC)70467322</marc:subfield></marc:datafield><marc:datafield tag="035" ind1=" " ind2=" "><marc:subfield code="a">(OCoLC)884657821</marc:subfield></marc:datafield><marc:datafield tag="035" ind1=" " ind2=" "><marc:subfield code="a">(DE-604)8030027365</marc:subfield></marc:datafield><marc:datafield tag="040" ind1=" " ind2=" "><marc:subfield code="a">DE-627</marc:subfield><marc:subfield code="b">ger</marc:subfield><marc:subfield code="c">DE-627</marc:subfield><marc:subfield code="e">rakwb</marc:subfield></marc:datafield><marc:datafield tag="041" ind1=" " ind2=" "><marc:subfield code="a">ger</marc:subfield></marc:datafield><marc:datafield tag="100" ind1="1" ind2=" "><marc:subfield code="a">Higgins, Lionel George,</marc:subfield><marc:subfield code="d">1891-1985</marc:subfield><marc:subfield code="0">(viaf)94646596</marc:subfield></marc:datafield><marc:datafield tag="245" ind1="1" ind2="4"><marc:subfield code="a">Die Tagfalter Europas und Nordwestafrikas :</marc:subfield><marc:subfield code="b">ein Taschenbuch für Biologen und Naturfreunde /</marc:subfield><marc:subfield code="c">von Lionel G. Higgins and Norman D. Riley; übersetzt und bearbeitet von Walter Forster.</marc:subfield></marc:datafield><marc:datafield tag="246" ind1="1" ind2="2"><marc:subfield code="a">A field guide to the butterflies of Britain and Europe</marc:subfield></marc:datafield><marc:datafield tag="260" ind1=" " ind2=" "><marc:subfield code="a">Hamburg :</marc:subfield><marc:subfield code="b">Parey,</marc:subfield><marc:subfield code="c">1971.</marc:subfield></marc:datafield><marc:datafield tag="300" ind1=" " ind2=" "><marc:subfield code="a">377 p. : Ill.</marc:subfield></marc:datafield><marc:datafield tag="650" ind1=" " ind2="0"><marc:subfield code="a">Butterflies</marc:subfield><marc:subfield code="x">Identification</marc:subfield><marc:subfield code="z">Africa.</marc:subfield></marc:datafield><marc:datafield tag="650" ind1=" " ind2="0"><marc:subfield code="a">Butterflies</marc:subfield><marc:subfield code="x">Identification</marc:subfield><marc:subfield code="z">Europe.</marc:subfield></marc:datafield><marc:datafield tag="650" ind1=" " ind2="0"><marc:subfield code="a">Butterflies</marc:subfield><marc:subfield code="z">Africa.</marc:subfield></marc:datafield><marc:datafield tag="650" ind1=" " ind2="0"><marc:subfield code="a">Butterflies</marc:subfield><marc:subfield code="z">Europe.</marc:subfield></marc:datafield><marc:datafield tag="700" ind1="1" ind2=" "><marc:subfield code="a">Riley, Norman Denbigh,</marc:subfield><marc:subfield code="d">1890-1979</marc:subfield><marc:subfield code="0">(viaf)42591680</marc:subfield></marc:datafield><marc:datafield tag="700" ind1="1" ind2=" "><marc:subfield code="a">Forster, Walter,</marc:subfield><marc:subfield code="d">1910-1986</marc:subfield><marc:subfield code="0">(viaf)32419597</marc:subfield><marc:subfield code="4">trl</marc:subfield></marc:datafield><marc:datafield tag="920" ind1=" " ind2=" "><marc:subfield code="a">book</marc:subfield></marc:datafield><marc:datafield tag="SID" ind1=" " ind2=" "><marc:subfield code="a">Z39</marc:subfield><marc:subfield code="b">K10PLUS</marc:subfield></marc:datafield></marc:record>