<marc:record><marc:leader>01023cam a22003014a 4500</marc:leader><marc:controlfield tag="005">20250930184356.0</marc:controlfield><marc:controlfield tag="008">020523s2005    maua   |rb   |001 ||eng||</marc:controlfield><marc:controlfield tag="001">990036758610409161</marc:controlfield><marc:datafield tag="SID" ind1=" " ind2=" "><marc:subfield code="a">Z39</marc:subfield><marc:subfield code="b">LOC</marc:subfield></marc:datafield><marc:datafield tag="010" ind1=" " ind2=" "><marc:subfield code="a">2002074366</marc:subfield></marc:datafield><marc:datafield tag="020" ind1=" " ind2=" "><marc:subfield code="a">1405105798</marc:subfield><marc:subfield code="q">alk. paper</marc:subfield></marc:datafield><marc:datafield tag="020" ind1=" " ind2=" "><marc:subfield code="a">9781405105798</marc:subfield><marc:subfield code="q">(alk. paper)</marc:subfield></marc:datafield><marc:datafield tag="020" ind1=" " ind2=" "><marc:subfield code="a">9781405134248</marc:subfield></marc:datafield><marc:datafield tag="035" ind1=" " ind2=" "><marc:subfield code="a">(RUG01)003675861</marc:subfield></marc:datafield><marc:datafield tag="035" ind1=" " ind2=" "><marc:subfield code="a">12786857</marc:subfield></marc:datafield><marc:datafield tag="040" ind1=" " ind2=" "><marc:subfield code="a">DLC</marc:subfield><marc:subfield code="c">DLC</marc:subfield><marc:subfield code="d">DLC</marc:subfield></marc:datafield><marc:datafield tag="042" ind1=" " ind2=" "><marc:subfield code="a">pcc</marc:subfield></marc:datafield><marc:datafield tag="050" ind1="0" ind2="0"><marc:subfield code="a">B3376.W563</marc:subfield><marc:subfield code="b">U375 2005</marc:subfield></marc:datafield><marc:datafield tag="082" ind1="0" ind2="0"><marc:subfield code="a">121/.63</marc:subfield><marc:subfield code="2">21</marc:subfield></marc:datafield><marc:datafield tag="100" ind1="1" ind2=" "><marc:subfield code="a">Rhees, Rush,</marc:subfield><marc:subfield code="d">1905-1989.</marc:subfield><marc:subfield code="0">(viaf)107026198</marc:subfield></marc:datafield><marc:datafield tag="245" ind1="1" ind2="0"><marc:subfield code="a">Wittgenstein&apos;s On certainty :</marc:subfield><marc:subfield code="b">there-- like our life /</marc:subfield><marc:subfield code="c">Rush Rhees ; edited by D.Z. Phillips.</marc:subfield></marc:datafield><marc:datafield tag="260" ind1=" " ind2=" "><marc:subfield code="a">Malden, MA :</marc:subfield><marc:subfield code="b">Blackwell Pub.,</marc:subfield><marc:subfield code="c">2005.</marc:subfield></marc:datafield><marc:datafield tag="300" ind1=" " ind2=" "><marc:subfield code="a">X, 195 p. :</marc:subfield><marc:subfield code="b">ill. ;</marc:subfield><marc:subfield code="c">24 cm.</marc:subfield></marc:datafield><marc:datafield tag="504" ind1=" " ind2=" "><marc:subfield code="a">Includes bibliographical references (p. [183]-191) and index.</marc:subfield></marc:datafield><marc:datafield tag="600" ind1="1" ind2="0"><marc:subfield code="a">Wittgenstein, Ludwig,</marc:subfield><marc:subfield code="d">1889-1951.</marc:subfield><marc:subfield code="t">Über Gewissheit.</marc:subfield></marc:datafield><marc:datafield tag="650" ind1=" " ind2="0"><marc:subfield code="a">Certainty.</marc:subfield></marc:datafield><marc:datafield tag="700" ind1="1" ind2=" "><marc:subfield code="a">Phillips, D. Z.</marc:subfield><marc:subfield code="d">1934-2006</marc:subfield><marc:subfield code="q">(Dewi Zephaniah),</marc:subfield><marc:subfield code="0">(viaf)108375471</marc:subfield></marc:datafield><marc:datafield tag="920" ind1=" " ind2=" "><marc:subfield code="a">book</marc:subfield></marc:datafield></marc:record>