<marc:record><marc:leader>00815cam a2200277 c 4500</marc:leader><marc:controlfield tag="005">20250923151744.0</marc:controlfield><marc:controlfield tag="008">230721s2023    sw |||||r    |00| ||swe|c</marc:controlfield><marc:controlfield tag="001">990036758560409161</marc:controlfield><marc:datafield tag="SID" ind1=" " ind2=" "><marc:subfield code="a">Z39</marc:subfield><marc:subfield code="b">K10PLUS</marc:subfield></marc:datafield><marc:datafield tag="020" ind1=" " ind2=" "><marc:subfield code="a">9789188419323</marc:subfield></marc:datafield><marc:datafield tag="035" ind1=" " ind2=" "><marc:subfield code="a">(RUG01)003675856</marc:subfield></marc:datafield><marc:datafield tag="035" ind1=" " ind2=" "><marc:subfield code="a">(DE-627)185336472X</marc:subfield></marc:datafield><marc:datafield tag="035" ind1=" " ind2=" "><marc:subfield code="a">(DE-599)KXP185336472X</marc:subfield></marc:datafield><marc:datafield tag="035" ind1=" " ind2=" "><marc:subfield code="a">(OCoLC)1420044708</marc:subfield></marc:datafield><marc:datafield tag="040" ind1=" " ind2=" "><marc:subfield code="a">DE-627</marc:subfield><marc:subfield code="b">ger</marc:subfield><marc:subfield code="c">DE-627</marc:subfield><marc:subfield code="e">rda</marc:subfield></marc:datafield><marc:datafield tag="044" ind1=" " ind2=" "><marc:subfield code="c">XA-SE</marc:subfield></marc:datafield><marc:datafield tag="084" ind1=" " ind2=" "><marc:subfield code="a">ES 869</marc:subfield><marc:subfield code="0">(DE-625)rvk/27919:</marc:subfield><marc:subfield code="2">rvk</marc:subfield></marc:datafield><marc:datafield tag="084" ind1=" " ind2=" "><marc:subfield code="a">GW 4500</marc:subfield><marc:subfield code="0">(DE-625)rvk/45300:</marc:subfield><marc:subfield code="2">rvk</marc:subfield></marc:datafield><marc:datafield tag="100" ind1="1" ind2=" "><marc:subfield code="a">Thorén, Bosse,</marc:subfield><marc:subfield code="d">1946-</marc:subfield><marc:subfield code="0">(viaf)</marc:subfield></marc:datafield><marc:datafield tag="245" ind1="1" ind2="0"><marc:subfield code="a">Svensk fonetik och uttalsundervisning /</marc:subfield><marc:subfield code="c">Bosse Thorén</marc:subfield></marc:datafield><marc:datafield tag="250" ind1=" " ind2=" "><marc:subfield code="a">Tredje upplagan</marc:subfield></marc:datafield><marc:datafield tag="260" ind1=" " ind2=" "><marc:subfield code="a">Stockholm :</marc:subfield><marc:subfield code="b">Morfem,</marc:subfield><marc:subfield code="c">2023.</marc:subfield></marc:datafield><marc:datafield tag="264" ind1=" " ind2="1"><marc:subfield code="a">[Stockholm] :</marc:subfield><marc:subfield code="b">Morfem,</marc:subfield><marc:subfield code="c">[2023].</marc:subfield></marc:datafield><marc:datafield tag="264" ind1=" " ind2="4"><marc:subfield code="c">© 2023</marc:subfield></marc:datafield><marc:datafield tag="300" ind1=" " ind2=" "><marc:subfield code="a">183 p.: ill.</marc:subfield></marc:datafield><marc:datafield tag="920" ind1=" " ind2=" "><marc:subfield code="a">book</marc:subfield></marc:datafield></marc:record>