<marc:record><marc:leader>02188cam a2200337 c 4500</marc:leader><marc:controlfield tag="005">20250923152519.0</marc:controlfield><marc:controlfield tag="008">220204s2021    sw |||||r    |00| ||swe|c</marc:controlfield><marc:controlfield tag="001">990036758540409161</marc:controlfield><marc:datafield tag="SID" ind1=" " ind2=" "><marc:subfield code="a">Z39</marc:subfield><marc:subfield code="b">K10PLUS</marc:subfield></marc:datafield><marc:datafield tag="020" ind1=" " ind2=" "><marc:subfield code="a">9789144136233</marc:subfield></marc:datafield><marc:datafield tag="020" ind1=" " ind2=" "><marc:subfield code="a">9144136234</marc:subfield></marc:datafield><marc:datafield tag="035" ind1=" " ind2=" "><marc:subfield code="a">(RUG01)003675854</marc:subfield></marc:datafield><marc:datafield tag="035" ind1=" " ind2=" "><marc:subfield code="a">(DE-627)1788612930</marc:subfield></marc:datafield><marc:datafield tag="035" ind1=" " ind2=" "><marc:subfield code="a">(DE-599)KXP1788612930</marc:subfield></marc:datafield><marc:datafield tag="035" ind1=" " ind2=" "><marc:subfield code="a">(OCoLC)1370418005</marc:subfield></marc:datafield><marc:datafield tag="040" ind1=" " ind2=" "><marc:subfield code="a">DE-627</marc:subfield><marc:subfield code="b">ger</marc:subfield><marc:subfield code="c">DE-627</marc:subfield><marc:subfield code="e">rda</marc:subfield></marc:datafield><marc:datafield tag="044" ind1=" " ind2=" "><marc:subfield code="c">XA-SE</marc:subfield></marc:datafield><marc:datafield tag="050" ind1=" " ind2="0"><marc:subfield code="a">PD1501</marc:subfield></marc:datafield><marc:datafield tag="082" ind1="0" ind2=" "><marc:subfield code="a">439</marc:subfield></marc:datafield><marc:datafield tag="245" ind1="0" ind2="0"><marc:subfield code="a">Nyanser av grammatik :</marc:subfield><marc:subfield code="b">gränser, mångfald, fördjupning /</marc:subfield><marc:subfield code="c">Johan Brandtler, Mikael Kalm (red.).</marc:subfield></marc:datafield><marc:datafield tag="260" ind1=" " ind2=" "><marc:subfield code="a">Lund :</marc:subfield><marc:subfield code="b">Studentlitteratur,</marc:subfield><marc:subfield code="c">2021.</marc:subfield></marc:datafield><marc:datafield tag="264" ind1=" " ind2="1"><marc:subfield code="a">Lund :</marc:subfield><marc:subfield code="b">Studentlitteratur,</marc:subfield><marc:subfield code="c">2021.</marc:subfield></marc:datafield><marc:datafield tag="264" ind1=" " ind2="4"><marc:subfield code="c">© 2021</marc:subfield></marc:datafield><marc:datafield tag="300" ind1=" " ind2=" "><marc:subfield code="a">338 p.: ill.</marc:subfield></marc:datafield><marc:datafield tag="520" ind1=" " ind2=" "><marc:subfield code="a">Det är välkänt att grundläggande läroböcker i grammatik av pedagogiska skäl behöver utgå från en starkt idealiserad bild av språket och grammatiken. Men efter det alldeles nödvändiga tragglandet av form, funktion och klassificering väcks också nyfikenheten för vad som kan finnas mer att förstå om språkets mönster och principer. Grammatisk fördjupning innebär därför att i viss mån slå sönder flera av de ?sanningar? och föreställningar som den grundläggande grammatiska beskrivningen förmedlar. I 18 kapitel problematiserar författarna en rad olika aspekter av svenskans grammatik och diskuterar grammatikbeskrivningens praktiska och teoretiska nytta. Hur många ordklasser finns det, egentligen? Hur kan man skilja mellan adverb och adjektiv, eller huvudverb och hjälpverb? Och hur gör man med konstruktioner som förekommer i vardagligt språk? Nyanser av grammatik är avsedd för universitetskurser i svenska och nordiska språk samt för ämneslärarutbildning i svenska</marc:subfield></marc:datafield><marc:datafield tag="700" ind1="1" ind2=" "><marc:subfield code="a">Brandtler, Johan,</marc:subfield><marc:subfield code="d">1978-</marc:subfield><marc:subfield code="0">(viaf)</marc:subfield></marc:datafield><marc:datafield tag="700" ind1="1" ind2=" "><marc:subfield code="a">Kalm, Mikael,</marc:subfield><marc:subfield code="d">1986-</marc:subfield><marc:subfield code="0">(viaf)</marc:subfield></marc:datafield><marc:datafield tag="787" ind1="0" ind2="8"><marc:subfield code="a">Lindström Tiedemann, Therese, 1976 -</marc:subfield><marc:subfield code="d">2021</marc:subfield><marc:subfield code="i">Rezensiert in</marc:subfield><marc:subfield code="t">[Rezension von: Nyanser av grammatik]</marc:subfield><marc:subfield code="w">(DE-627)1819359921</marc:subfield></marc:datafield><marc:datafield tag="883" ind1=" " ind2=" "><marc:subfield code="a">cgwrk</marc:subfield><marc:subfield code="d">20241001</marc:subfield><marc:subfield code="q">DE-101</marc:subfield><marc:subfield code="u">https://d-nb.info/provenance/plan#cgwrk</marc:subfield><marc:subfield code="8">1\p</marc:subfield></marc:datafield><marc:datafield tag="883" ind1=" " ind2=" "><marc:subfield code="a">cgwrk</marc:subfield><marc:subfield code="d">20241001</marc:subfield><marc:subfield code="q">DE-101</marc:subfield><marc:subfield code="u">https://d-nb.info/provenance/plan#cgwrk</marc:subfield><marc:subfield code="8">2\p</marc:subfield></marc:datafield><marc:datafield tag="920" ind1=" " ind2=" "><marc:subfield code="a">book</marc:subfield></marc:datafield></marc:record>