<marc:record><marc:leader>01335cam a2200325 c 4500</marc:leader><marc:controlfield tag="005">20251022135808.0</marc:controlfield><marc:controlfield tag="008">170821s2017    sw |||||r    |00| ||swe|c</marc:controlfield><marc:controlfield tag="001">990036758520409161</marc:controlfield><marc:datafield tag="SID" ind1=" " ind2=" "><marc:subfield code="a">Z39</marc:subfield><marc:subfield code="b">K10PLUS</marc:subfield></marc:datafield><marc:datafield tag="020" ind1=" " ind2=" "><marc:subfield code="a">9789144108902</marc:subfield></marc:datafield><marc:datafield tag="035" ind1=" " ind2=" "><marc:subfield code="a">(RUG01)003675852</marc:subfield></marc:datafield><marc:datafield tag="035" ind1=" " ind2=" "><marc:subfield code="a">(DE-627)896092577</marc:subfield></marc:datafield><marc:datafield tag="035" ind1=" " ind2=" "><marc:subfield code="a">(DE-599)GBV896092577</marc:subfield></marc:datafield><marc:datafield tag="035" ind1=" " ind2=" "><marc:subfield code="a">(OCoLC)1158389018</marc:subfield></marc:datafield><marc:datafield tag="040" ind1=" " ind2=" "><marc:subfield code="a">DE-627</marc:subfield><marc:subfield code="b">ger</marc:subfield><marc:subfield code="c">DE-627</marc:subfield><marc:subfield code="e">rda</marc:subfield></marc:datafield><marc:datafield tag="041" ind1=" " ind2=" "><marc:subfield code="a">swe</marc:subfield></marc:datafield><marc:datafield tag="044" ind1=" " ind2=" "><marc:subfield code="c">XA-SE</marc:subfield></marc:datafield><marc:datafield tag="084" ind1=" " ind2=" "><marc:subfield code="a">ER 500</marc:subfield><marc:subfield code="0">(DE-625)rvk/27720:</marc:subfield><marc:subfield code="2">rvk</marc:subfield></marc:datafield><marc:datafield tag="084" ind1=" " ind2=" "><marc:subfield code="a">GW 1730</marc:subfield><marc:subfield code="0">(DE-625)rvk/45038:</marc:subfield><marc:subfield code="2">rvk</marc:subfield></marc:datafield><marc:datafield tag="245" ind1="0" ind2="0"><marc:subfield code="a">Varför språkvetenskap? :</marc:subfield><marc:subfield code="b">kunskapsintressen, studieobjekt och drivkrafter /</marc:subfield><marc:subfield code="c">David Håkansson, Anna-Malin Karlsson (red.).</marc:subfield></marc:datafield><marc:datafield tag="260" ind1=" " ind2=" "><marc:subfield code="a">Lund :</marc:subfield><marc:subfield code="b">Studentlitteratur,</marc:subfield><marc:subfield code="c">2022</marc:subfield></marc:datafield><marc:datafield tag="264" ind1=" " ind2="1"><marc:subfield code="a">Lund :</marc:subfield><marc:subfield code="b">Studentlitteratur,</marc:subfield><marc:subfield code="c">[2017].</marc:subfield></marc:datafield><marc:datafield tag="300" ind1=" " ind2=" "><marc:subfield code="a">292 p.: ill.</marc:subfield></marc:datafield><marc:datafield tag="500" ind1=" " ind2=" "><marc:subfield code="a">Hier auch später erschienene, unveränderte Nachdrucke</marc:subfield></marc:datafield><marc:datafield tag="500" ind1=" " ind2=" "><marc:subfield code="a">Literaturangaben</marc:subfield></marc:datafield><marc:datafield tag="700" ind1="1" ind2=" "><marc:subfield code="a">Håkansson, David,</marc:subfield><marc:subfield code="d">1978-</marc:subfield><marc:subfield code="0">(viaf)</marc:subfield></marc:datafield><marc:datafield tag="700" ind1="1" ind2=" "><marc:subfield code="a">Karlsson, Anna-Malin,</marc:subfield><marc:subfield code="d">1969-</marc:subfield></marc:datafield><marc:datafield tag="710" ind1="2" ind2=" "><marc:subfield code="a">Studentlitteratur AB</marc:subfield><marc:subfield code="e">Verlag</marc:subfield><marc:subfield code="0">(DE-588)1064914675</marc:subfield><marc:subfield code="0">(DE-627)815529511</marc:subfield><marc:subfield code="0">(DE-576)424534665</marc:subfield><marc:subfield code="4">pbl</marc:subfield></marc:datafield><marc:datafield tag="787" ind1="0" ind2="8"><marc:subfield code="a">Josephson, Ole</marc:subfield><marc:subfield code="d">2018</marc:subfield><marc:subfield code="g">Bd. 28 (2018), Seite 229-231</marc:subfield><marc:subfield code="i">Rezensiert in</marc:subfield><marc:subfield code="t">[Rezension von: Varför språkvetenskap?], in: Språk och stil : tidskrift för Svensk språkforskning, ISSN 1101-1165, ZDB-ID 615036-6</marc:subfield></marc:datafield><marc:datafield tag="920" ind1=" " ind2=" "><marc:subfield code="a">book</marc:subfield></marc:datafield></marc:record>