<marc:record><marc:leader>01548ntm a2200229 a 4500</marc:leader><marc:controlfield tag="005">20250918120634.0</marc:controlfield><marc:controlfield tag="008">250806q17011800be |||||#|||||||| ||dut|d</marc:controlfield><marc:controlfield tag="001">990036758460409161</marc:controlfield><marc:datafield tag="035" ind1=" " ind2=" "><marc:subfield code="a">(RUG01)003675846</marc:subfield></marc:datafield><marc:datafield tag="040" ind1=" " ind2=" "><marc:subfield code="a">BE-GnUNI</marc:subfield></marc:datafield><marc:datafield tag="245" ind1="0" ind2="0"><marc:subfield code="a">Verzameling refereinen.</marc:subfield></marc:datafield><marc:datafield tag="246" ind1="2" ind2=" "><marc:subfield code="a">Verzameling refreinen</marc:subfield></marc:datafield><marc:datafield tag="260" ind1=" " ind2=" "><marc:subfield code="c">18e eeuw.</marc:subfield></marc:datafield><marc:datafield tag="300" ind1=" " ind2=" "><marc:subfield code="a">Ongepagineerd.</marc:subfield></marc:datafield><marc:datafield tag="340" ind1=" " ind2=" "><marc:subfield code="a">Papier</marc:subfield></marc:datafield><marc:datafield tag="505" ind1="0" ind2=" "><marc:subfield code="a">I. Referein over den Zondvloed. II . Van de Geboorte. III. Op den naam Jesus. IV. (ontbreekt). V. Referein van Maria. VI. Van den H. Joseph. VII. Van de H. Moeder Anna. VIII. Van Marie. IX. Fabel. X. Referein van het hof van Oliveten. XI. Op het H. Cruys. XII. Van de zielen in &apos;t vagevuer. XIII. Eergalm ter eere van het H. Sacrament des Autaers. XIV. Nieuwen dobbelen rijmdicht. XV. Referein van de Eeuwigheydt. XVI. OP de beste gracy der vrouwen. XVII. Hoe dat den mensch drie vrinden heeft. XVIII. Van de ziele van den mensch. XIX. Ballade. XX. Referein van O. L. Vrouw. XXI. Van de Fortuyne. XXII. Van de beste gratie van een vrouwe. XXIII. Van &apos;t heyligh Hofken. XXIV. Van den Hemel. XXV. Van den H. Joseph. XXVI. Van &apos;t H. Sacrament.</marc:subfield></marc:datafield><marc:datafield tag="561" ind1=" " ind2=" "><marc:subfield code="3">BHSL.HS.4976</marc:subfield><marc:subfield code="a">Herkomst: Joanna Casen.</marc:subfield></marc:datafield><marc:datafield tag="561" ind1=" " ind2=" "><marc:subfield code="3">BHSL.HS.4976</marc:subfield><marc:subfield code="a">Herkomst: Koninklijke Academie voor Nederlandse Taal- en Letterkunde 20/03/2024.</marc:subfield></marc:datafield><marc:datafield tag="581" ind1=" " ind2=" "><marc:subfield code="a">De Potter, Fr., Bibliografische aanteekening, Verslagen en mededeelingen der Koninklijke Vlaamsche Academie voor Taal- en Letterkunde (1904), p. 15-16.</marc:subfield></marc:datafield><marc:datafield tag="591" ind1=" " ind2=" "><marc:subfield code="a">Bijzondere collecties</marc:subfield></marc:datafield><marc:datafield tag="655" ind1=" " ind2="7"><marc:subfield code="a">Manuscripts.</marc:subfield><marc:subfield code="2">UGENTSC</marc:subfield></marc:datafield><marc:datafield tag="920" ind1=" " ind2=" "><marc:subfield code="a">manuscript</marc:subfield></marc:datafield></marc:record>