<marc:record><marc:leader>01094cam a2200301 cc4500</marc:leader><marc:controlfield tag="005">20251007102731.0</marc:controlfield><marc:controlfield tag="008">231122s2023    enk|||||r    |00| ||eng|c</marc:controlfield><marc:controlfield tag="001">990036758440409161</marc:controlfield><marc:datafield tag="SID" ind1=" " ind2=" "><marc:subfield code="a">Z39</marc:subfield><marc:subfield code="b">K10PLUS</marc:subfield></marc:datafield><marc:datafield tag="020" ind1=" " ind2=" "><marc:subfield code="a">9781009382540</marc:subfield><marc:subfield code="q">v.1</marc:subfield><marc:subfield code="q">pbk</marc:subfield></marc:datafield><marc:datafield tag="035" ind1=" " ind2=" "><marc:subfield code="a">(RUG01)003675844</marc:subfield></marc:datafield><marc:datafield tag="035" ind1=" " ind2=" "><marc:subfield code="a">(DE-627)1870844939</marc:subfield></marc:datafield><marc:datafield tag="035" ind1=" " ind2=" "><marc:subfield code="a">(DE-599)KXP1870844939</marc:subfield></marc:datafield><marc:datafield tag="035" ind1=" " ind2=" "><marc:subfield code="a">(OCoLC)1410409606</marc:subfield></marc:datafield><marc:datafield tag="040" ind1=" " ind2=" "><marc:subfield code="a">DE-627</marc:subfield><marc:subfield code="b">ger</marc:subfield><marc:subfield code="c">DE-627</marc:subfield><marc:subfield code="e">rda</marc:subfield></marc:datafield><marc:datafield tag="041" ind1=" " ind2=" "><marc:subfield code="a">eng</marc:subfield><marc:subfield code="h">grc</marc:subfield></marc:datafield><marc:datafield tag="050" ind1=" " ind2="0"><marc:subfield code="a">R733</marc:subfield></marc:datafield><marc:datafield tag="084" ind1=" " ind2=" "><marc:subfield code="a">44.01</marc:subfield><marc:subfield code="2">bkl</marc:subfield></marc:datafield><marc:datafield tag="100" ind1="1" ind2=" "><marc:subfield code="a">Galenus,</marc:subfield><marc:subfield code="d">129-199</marc:subfield><marc:subfield code="0">(viaf)44299175</marc:subfield></marc:datafield><marc:datafield tag="245" ind1="1" ind2="0"><marc:subfield code="a">Works on human nature /</marc:subfield><marc:subfield code="c">Galen; translated with introduction and notes by Peter Singer and Philip J. van der Eijk with the assistance of Piero Tassinari</marc:subfield></marc:datafield><marc:datafield tag="260" ind1=" " ind2="1"><marc:subfield code="a">Cambridge :</marc:subfield><marc:subfield code="b">Cambridge university press,</marc:subfield><marc:subfield code="c">2023.</marc:subfield></marc:datafield><marc:datafield tag="300" ind1=" " ind2=" "><marc:subfield code="a">XVII, 269 p.: ill.</marc:subfield></marc:datafield><marc:datafield tag="490" ind1="0" ind2=" "><marc:subfield code="a">Cambridge Galen translations</marc:subfield></marc:datafield><marc:datafield tag="505" ind1="0" ind2=" "><marc:subfield code="a">1. Mixtures (De Temperamentis)</marc:subfield></marc:datafield><marc:datafield tag="700" ind1="1" ind2=" "><marc:subfield code="a">Singer, P. N.,</marc:subfield><marc:subfield code="q">(Peter N.)</marc:subfield><marc:subfield code="d">1962-</marc:subfield><marc:subfield code="0">(viaf)4644153411837641700002</marc:subfield></marc:datafield><marc:datafield tag="700" ind1="1" ind2=" "><marc:subfield code="a">van der Eijk, Philip J.,</marc:subfield><marc:subfield code="d">1962-</marc:subfield><marc:subfield code="0">(viaf)19855125</marc:subfield></marc:datafield><marc:datafield tag="700" ind1="1" ind2=" "><marc:subfield code="a">Tassinari, Piero,</marc:subfield><marc:subfield code="d">1963-</marc:subfield><marc:subfield code="0">(viaf)24740778</marc:subfield></marc:datafield><marc:datafield tag="920" ind1=" " ind2=" "><marc:subfield code="a">book</marc:subfield></marc:datafield></marc:record>