<marc:record><marc:leader>03843cam a2200385 i 4500</marc:leader><marc:controlfield tag="005">20250929102400.0</marc:controlfield><marc:controlfield tag="008">241116t20242024be     |rb   |001 ||eng|d</marc:controlfield><marc:controlfield tag="001">990036758430409161</marc:controlfield><marc:datafield tag="SID" ind1=" " ind2=" "><marc:subfield code="a">Z39</marc:subfield><marc:subfield code="b">01HVD_INST</marc:subfield></marc:datafield><marc:datafield tag="020" ind1=" " ind2=" "><marc:subfield code="a">2503613063</marc:subfield></marc:datafield><marc:datafield tag="020" ind1=" " ind2=" "><marc:subfield code="a">9782503613062</marc:subfield><marc:subfield code="q">pbk</marc:subfield></marc:datafield><marc:datafield tag="035" ind1=" " ind2=" "><marc:subfield code="a">(RUG01)003675843</marc:subfield></marc:datafield><marc:datafield tag="035" ind1=" " ind2=" "><marc:subfield code="a">(OCoLC)1468972813</marc:subfield></marc:datafield><marc:datafield tag="040" ind1=" " ind2=" "><marc:subfield code="a">YDX</marc:subfield><marc:subfield code="b">eng</marc:subfield><marc:subfield code="c">YDX</marc:subfield><marc:subfield code="d">OCLCO</marc:subfield><marc:subfield code="d">OHX</marc:subfield><marc:subfield code="d">ISB</marc:subfield><marc:subfield code="d">OCLCO</marc:subfield><marc:subfield code="d">OCLCQ</marc:subfield><marc:subfield code="d">JHE</marc:subfield><marc:subfield code="d">OCLCO</marc:subfield><marc:subfield code="d">YDX</marc:subfield><marc:subfield code="d">DTM</marc:subfield></marc:datafield><marc:datafield tag="050" ind1=" " ind2="4"><marc:subfield code="a">BR195.J8</marc:subfield><marc:subfield code="b">O83 2024</marc:subfield></marc:datafield><marc:datafield tag="100" ind1="1" ind2=" "><marc:subfield code="a">Osborne, Alfred,</marc:subfield><marc:subfield code="d">1938-</marc:subfield><marc:subfield code="0">(viaf)3189156858637049780006</marc:subfield></marc:datafield><marc:datafield tag="245" ind1="1" ind2="4"><marc:subfield code="a">The origins of Christianity in the calendar wars of the second century BCE /</marc:subfield><marc:subfield code="c">by Alfred Osborne.</marc:subfield></marc:datafield><marc:datafield tag="260" ind1=" " ind2=" "><marc:subfield code="a">Turnhout :</marc:subfield><marc:subfield code="b">Brepols,</marc:subfield><marc:subfield code="c">2024.</marc:subfield></marc:datafield><marc:datafield tag="300" ind1=" " ind2=" "><marc:subfield code="a">325 p.</marc:subfield></marc:datafield><marc:datafield tag="490" ind1="0" ind2=" "><marc:subfield code="a">Studia Traditionis Theologiae: Explorations in Early and Medieval Theology ;</marc:subfield><marc:subfield code="v">60</marc:subfield></marc:datafield><marc:datafield tag="504" ind1=" " ind2=" "><marc:subfield code="a">Includes bibliographical references (pages [301]-309) and indexes.</marc:subfield></marc:datafield><marc:datafield tag="505" ind1="0" ind2=" "><marc:subfield code="a">Part one. Introduction -- The meaning of Nazorean and Nazarene -- Jesus as a &apos;Nostri&apos; in the gospel -- The Nazoreans in Acts -- Conclusions -- Part two. Introduction -- Onias III (185?-175 BCE) -- Jason (175-172 BCE) -- Menelaus (172-163 BCE) -- Alcimus (163-159 BCE) -- The unnamed high priest (159-151 BCE) -- Jonathan Maccabeus (151-142 BCE) -- The story that could not be told -- Part three. Introduction -- The Hasidim as Notsrim -- The &apos;fourth philosophy&apos; and the Sicarii -- The role of the fourth philosophy in the rebellion -- Summary and conclusions -- Part four. Introduction -- The Notsrim live on in the liturgy of the synagogue -- The Birkat ha-minim in Christian sources</marc:subfield></marc:datafield><marc:datafield tag="520" ind1=" " ind2=" "><marc:subfield code="a">&quot;In the Gospels Jesus is called a &apos;Nazarene&apos; or &apos;Nazoraean&apos;. Does this mean he came from Nazareth? Basing himself on Lidzbarski&apos;s analysis of the Hebrew/Aramaic origins of the Greek terms Nazarênos and Nazôraios Dr Osborne proposes that these epithets indicate that Jesus was a nôṣrî, a &apos;(Strict) Keeper/Guardian (of the Law)&apos;. This meant he was a follower of the 364-day liturgical calendar known to us from 1 Enoch, Jubilees, and Qumran. An examination of the passages where these terms appear shows that this hypothesis leads to a deeper understanding of the circumstances in which the first Christian communities arose and clarifies greatly the background of Jesus&apos; crucifixion as Yēšû ha-Nôṣrî. The book then traces the influence of the nôṣrîm on the history of Israel from their origin in the &apos;calendar wars&apos; that tore apart the Jewish nation from 172-163 BCE. These broke out after the lunisolar calendar was introduced into the temple liturgy by Menelaus the high priest, and only came to an end when the 364-day calendar was reintroduced under his successor, Alcimus. In 151 BCE, however, Jonathan Maccabaeus was appointed high priest and reintroduced the lunisolar calendar. The nôṣrîm were suppressed and forced to emigrate or go underground. They reappear as leaders of Jewish resistance to Roman occupation after Pompey incorporated Judaea into the empire in 63 BCE. Eventually they became the chief instigators of the revolt against Rome that led to the destruction of Jerusalem in 70 CE. Osborne argues that the nôṣrîm thought to have been included in the Twelfth Benediction of the Amidah at Yavneh around 90 CE are these same &apos;(Strict) Keepers/Guardians (of the Law)&apos;.&quot; --</marc:subfield><marc:subfield code="c">Provided by publisher</marc:subfield></marc:datafield><marc:datafield tag="648" ind1=" " ind2="7"><marc:subfield code="a">30-600</marc:subfield><marc:subfield code="2">fast</marc:subfield></marc:datafield><marc:datafield tag="650" ind1=" " ind2="0"><marc:subfield code="a">Church history</marc:subfield><marc:subfield code="y">Primitive and early church, ca. 30-600</marc:subfield></marc:datafield><marc:datafield tag="650" ind1=" " ind2="0"><marc:subfield code="a">Jewish Christians</marc:subfield><marc:subfield code="x">History</marc:subfield><marc:subfield code="y">Early church, ca. 30-600</marc:subfield></marc:datafield><marc:datafield tag="650" ind1=" " ind2="0"><marc:subfield code="a">Jewish calendar</marc:subfield><marc:subfield code="x">History.</marc:subfield></marc:datafield><marc:datafield tag="650" ind1=" " ind2="0"><marc:subfield code="a">Nazarite (Judaism)</marc:subfield></marc:datafield><marc:datafield tag="650" ind1=" " ind2="7"><marc:subfield code="a">Church history</marc:subfield><marc:subfield code="x">Primitive and early church.</marc:subfield><marc:subfield code="2">fast</marc:subfield></marc:datafield><marc:datafield tag="650" ind1=" " ind2="7"><marc:subfield code="a">Jewish Christians</marc:subfield><marc:subfield code="x">Early church.</marc:subfield><marc:subfield code="2">fast</marc:subfield></marc:datafield><marc:datafield tag="650" ind1=" " ind2="7"><marc:subfield code="a">Jewish calendar.</marc:subfield><marc:subfield code="2">fast</marc:subfield></marc:datafield><marc:datafield tag="650" ind1=" " ind2="7"><marc:subfield code="a">Nazarite (Judaism).</marc:subfield><marc:subfield code="2">fast</marc:subfield></marc:datafield><marc:datafield tag="655" ind1=" " ind2="7"><marc:subfield code="a">History.</marc:subfield><marc:subfield code="2">fast</marc:subfield></marc:datafield><marc:datafield tag="830" ind1=" " ind2="0"><marc:subfield code="a">Studia traditionis theologiae</marc:subfield><marc:subfield code="v">60.</marc:subfield></marc:datafield><marc:datafield tag="920" ind1=" " ind2=" "><marc:subfield code="a">book</marc:subfield></marc:datafield></marc:record>