<marc:record><marc:leader>01162cam a2200337 cc4500</marc:leader><marc:controlfield tag="005">20250930143138.0</marc:controlfield><marc:controlfield tag="008">230503s2023    gw |||||r    |00| ||ger|c</marc:controlfield><marc:controlfield tag="001">990036758400409161</marc:controlfield><marc:datafield tag="SID" ind1=" " ind2=" "><marc:subfield code="a">Z39</marc:subfield><marc:subfield code="b">K10PLUS</marc:subfield></marc:datafield><marc:datafield tag="015" ind1=" " ind2=" "><marc:subfield code="a">23,N18</marc:subfield><marc:subfield code="2">dnb</marc:subfield></marc:datafield><marc:datafield tag="016" ind1="7" ind2=" "><marc:subfield code="a">1287168590</marc:subfield><marc:subfield code="2">DE-101</marc:subfield></marc:datafield><marc:datafield tag="020" ind1=" " ind2=" "><marc:subfield code="a">9783777221267</marc:subfield><marc:subfield code="q">hbk</marc:subfield></marc:datafield><marc:datafield tag="035" ind1=" " ind2=" "><marc:subfield code="a">(RUG01)003675840</marc:subfield></marc:datafield><marc:datafield tag="035" ind1=" " ind2=" "><marc:subfield code="a">(DE-627)1844522296</marc:subfield></marc:datafield><marc:datafield tag="035" ind1=" " ind2=" "><marc:subfield code="a">(DE-599)DNB1287168590</marc:subfield></marc:datafield><marc:datafield tag="035" ind1=" " ind2=" "><marc:subfield code="a">(OCoLC)1378495749</marc:subfield></marc:datafield><marc:datafield tag="040" ind1=" " ind2=" "><marc:subfield code="a">DE-627</marc:subfield><marc:subfield code="b">ger</marc:subfield><marc:subfield code="c">DE-627</marc:subfield><marc:subfield code="e">rda</marc:subfield></marc:datafield><marc:datafield tag="041" ind1=" " ind2=" "><marc:subfield code="a">ger</marc:subfield><marc:subfield code="h">grc</marc:subfield></marc:datafield><marc:datafield tag="044" ind1=" " ind2=" "><marc:subfield code="c">XA-DE-BW</marc:subfield></marc:datafield><marc:datafield tag="082" ind1="0" ind2="4"><marc:subfield code="a">930</marc:subfield><marc:subfield code="q">DE-101</marc:subfield></marc:datafield><marc:datafield tag="084" ind1=" " ind2=" "><marc:subfield code="a">1</marc:subfield><marc:subfield code="2">ssgn</marc:subfield></marc:datafield><marc:datafield tag="084" ind1=" " ind2=" "><marc:subfield code="a">FF 1640</marc:subfield><marc:subfield code="q">DE-24/23sred</marc:subfield><marc:subfield code="0">(DE-625)rvk/30354:</marc:subfield><marc:subfield code="2">rvk</marc:subfield></marc:datafield><marc:datafield tag="100" ind1="1" ind2=" "><marc:subfield code="a">Cyrillus, van Alexandrië,</marc:subfield><marc:subfield code="d">ca. 370-444</marc:subfield><marc:subfield code="0">(viaf)19646922</marc:subfield></marc:datafield><marc:datafield tag="245" ind1="1" ind2="0"><marc:subfield code="a">Gegen Julian /</marc:subfield><marc:subfield code="c">Kyrill von Alexandrien; übersetzt und kommentiert von Gerlinde Huber-Rebenich, Stefan Rebenich e.a.</marc:subfield></marc:datafield><marc:datafield tag="260" ind1=" " ind2="1"><marc:subfield code="a">Stuttgart :</marc:subfield><marc:subfield code="b">Hiersemann,</marc:subfield><marc:subfield code="c">2023.</marc:subfield></marc:datafield><marc:datafield tag="300" ind1=" " ind2=" "><marc:subfield code="a">2 v.</marc:subfield></marc:datafield><marc:datafield tag="490" ind1="0" ind2=" "><marc:subfield code="a">Bibliothek der griechischen Literatur</marc:subfield><marc:subfield code="v">94</marc:subfield></marc:datafield><marc:datafield tag="505" ind1="0" ind2=" "><marc:subfield code="a">1. Widmungsschreiben an Theodosios und Buch I bis V</marc:subfield></marc:datafield><marc:datafield tag="700" ind1="1" ind2=" "><marc:subfield code="a">Huber-Rebenich, Gerlinde,</marc:subfield><marc:subfield code="d">1959-</marc:subfield><marc:subfield code="0">(viaf)24783872</marc:subfield></marc:datafield><marc:datafield tag="700" ind1="1" ind2=" "><marc:subfield code="a">Rebenich, Stefan,</marc:subfield><marc:subfield code="d">1961-</marc:subfield><marc:subfield code="0">(viaf)112831894</marc:subfield></marc:datafield><marc:datafield tag="920" ind1=" " ind2=" "><marc:subfield code="a">book</marc:subfield></marc:datafield></marc:record>