<marc:record><marc:leader>00776ntm a2200217 a 4500</marc:leader><marc:controlfield tag="005">20250918120635.0</marc:controlfield><marc:controlfield tag="008">250806s1601    be |||||#|||||||| ||dut|d</marc:controlfield><marc:controlfield tag="001">990036758390409161</marc:controlfield><marc:datafield tag="035" ind1=" " ind2=" "><marc:subfield code="a">(RUG01)003675839</marc:subfield></marc:datafield><marc:datafield tag="040" ind1=" " ind2=" "><marc:subfield code="a">BE-GnUNI</marc:subfield></marc:datafield><marc:datafield tag="245" ind1="0" ind2="0"><marc:subfield code="a">Statuten van den hove van Befferen (Costumen).</marc:subfield></marc:datafield><marc:datafield tag="246" ind1="2" ind2=" "><marc:subfield code="a">Statuten van den hove van Beveren</marc:subfield></marc:datafield><marc:datafield tag="260" ind1=" " ind2=" "><marc:subfield code="c">1601.</marc:subfield></marc:datafield><marc:datafield tag="300" ind1=" " ind2=" "><marc:subfield code="a">Ongepagineerd.</marc:subfield></marc:datafield><marc:datafield tag="340" ind1=" " ind2=" "><marc:subfield code="a">Papier</marc:subfield></marc:datafield><marc:datafield tag="561" ind1=" " ind2=" "><marc:subfield code="3">BHSL.HS.4975</marc:subfield><marc:subfield code="a">Herkomst: Bartholomeus Boecx hoort desen boek toe, anno 1603.</marc:subfield></marc:datafield><marc:datafield tag="561" ind1=" " ind2=" "><marc:subfield code="3">BHSL.HS.4975</marc:subfield><marc:subfield code="a">Herkomst: Koninklijke Academie voor Nederlandse Taal- en Letterkunde 20/03/2024.</marc:subfield></marc:datafield><marc:datafield tag="563" ind1=" " ind2=" "><marc:subfield code="3">BHSL.HS.4975</marc:subfield><marc:subfield code="a">Ingebonden in handschriftfragment met Latijnse tekst.</marc:subfield></marc:datafield><marc:datafield tag="591" ind1=" " ind2=" "><marc:subfield code="a">Bijzondere collecties</marc:subfield></marc:datafield><marc:datafield tag="655" ind1=" " ind2="7"><marc:subfield code="a">Manuscripts.</marc:subfield><marc:subfield code="2">UGENTSC</marc:subfield></marc:datafield><marc:datafield tag="920" ind1=" " ind2=" "><marc:subfield code="a">manuscript</marc:subfield></marc:datafield></marc:record>