<marc:record><marc:leader>00849nam a2200169 a 4500</marc:leader><marc:controlfield tag="005">20250918232114.0</marc:controlfield><marc:controlfield tag="008">250812|1924||||xx |||||r|||||||| ||fre|d</marc:controlfield><marc:controlfield tag="001">990036758370409161</marc:controlfield><marc:datafield tag="035" ind1=" " ind2=" "><marc:subfield code="a">(RUG01)003675837</marc:subfield></marc:datafield><marc:datafield tag="040" ind1=" " ind2=" "><marc:subfield code="a">BE-GnUNI</marc:subfield></marc:datafield><marc:datafield tag="245" ind1="0" ind2="0"><marc:subfield code="a">Hommage et reconnaissance de l&apos;Association Générale des Employés de Gand à son président F. Leperre, 13 Septembre 1924.</marc:subfield></marc:datafield><marc:datafield tag="260" ind1=" " ind2=" "><marc:subfield code="c">1924.</marc:subfield></marc:datafield><marc:datafield tag="300" ind1=" " ind2=" "><marc:subfield code="a">[19] p. :</marc:subfield><marc:subfield code="b">ill., foto&apos;s ;</marc:subfield><marc:subfield code="c">35 cm.</marc:subfield></marc:datafield><marc:datafield tag="500" ind1=" " ind2=" "><marc:subfield code="a">Met portretten (foto&apos;s) van Fernand Leperre en leden van de Association Générale des Employés de Gand</marc:subfield></marc:datafield><marc:datafield tag="520" ind1=" " ind2=" "><marc:subfield code="a">Hulde-album, opgedragen aan Fernand Leperre, in fraai gedecoreerde leren band, ontwerp van Frères Bilsen (Gent) ; 19 pagina&apos;s manuscript met versieringen en kalligrafie (Frères Bilsen), foto&apos;s, handtekeningen en tekst.</marc:subfield></marc:datafield><marc:datafield tag="541" ind1=" " ind2=" "><marc:subfield code="3">BIB.G.055034</marc:subfield><marc:subfield code="c">Aankoop</marc:subfield><marc:subfield code="a">Delcampe</marc:subfield><marc:subfield code="d">29/07/2025</marc:subfield></marc:datafield><marc:datafield tag="920" ind1=" " ind2=" "><marc:subfield code="a">book</marc:subfield></marc:datafield></marc:record>