<marc:record><marc:leader>01193cam a22002297i 4500</marc:leader><marc:controlfield tag="005">20250917135940.0</marc:controlfield><marc:controlfield tag="008">250125s2025    sw |||||r|||||000 p|swe|d</marc:controlfield><marc:controlfield tag="001">990036758360409161</marc:controlfield><marc:datafield tag="020" ind1=" " ind2=" "><marc:subfield code="a">9789100808037</marc:subfield></marc:datafield><marc:datafield tag="035" ind1=" " ind2=" "><marc:subfield code="a">(RUG01)003675836</marc:subfield></marc:datafield><marc:datafield tag="035" ind1=" " ind2=" "><marc:subfield code="a">(RUG01)003675836RUG01</marc:subfield></marc:datafield><marc:datafield tag="035" ind1=" " ind2=" "><marc:subfield code="a">(BOKR)9789100808037</marc:subfield></marc:datafield><marc:datafield tag="040" ind1=" " ind2=" "><marc:subfield code="a">BOKR</marc:subfield><marc:subfield code="b">swe</marc:subfield><marc:subfield code="d">Btj</marc:subfield><marc:subfield code="e">i</marc:subfield><marc:subfield code="e">rda</marc:subfield></marc:datafield><marc:datafield tag="082" ind1="0" ind2="4"><marc:subfield code="a">839.718</marc:subfield><marc:subfield code="2">23/swe</marc:subfield></marc:datafield><marc:datafield tag="100" ind1="1" ind2=" "><marc:subfield code="a">Börjel, Ida</marc:subfield><marc:subfield code="d">1975-</marc:subfield><marc:subfield code="0">(viaf)</marc:subfield></marc:datafield><marc:datafield tag="245" ind1="1" ind2="0"><marc:subfield code="a">Röd anemon :</marc:subfield><marc:subfield code="b">dokumentärdikt /</marc:subfield><marc:subfield code="c">Ida Börjel</marc:subfield></marc:datafield><marc:datafield tag="260" ind1=" " ind2=" "><marc:subfield code="a">Stockholm :</marc:subfield><marc:subfield code="b">Albert Bonniers förlag,</marc:subfield><marc:subfield code="c">2025</marc:subfield></marc:datafield><marc:datafield tag="300" ind1=" " ind2=" "><marc:subfield code="a">233 p.</marc:subfield></marc:datafield><marc:datafield tag="500" ind1=" " ind2=" "><marc:subfield code="a">Originalupplaga 2025</marc:subfield></marc:datafield><marc:datafield tag="520" ind1=" " ind2=" "><marc:subfield code="a">En grupp poesiambassadörer reser till en plats som länge söndrats av en ockupationsmakt. De bärs alla av hoppet om att mötas genom orden. I en polyfon virvel samsas deras trevande rundabordssamtal, livsberättelser och eftersnack med hastigt uppkomna möten i gatuvimlet. Frågorna kretsar kring befrielse från förtryck, poetik och översättning som motståndshandling. Röd anemon ger röst åt människor vars liv och litteratur villkoras av våld. Det är på samma gång en poets eget lyssnande efter ord i den tystnad som är nattens.[Bokinfo]</marc:subfield></marc:datafield><marc:datafield tag="920" ind1=" " ind2=" "><marc:subfield code="a">book</marc:subfield></marc:datafield><marc:datafield tag="SID" ind1=" " ind2=" "><marc:subfield code="a">Z39</marc:subfield><marc:subfield code="b">LIBR</marc:subfield></marc:datafield></marc:record>