<marc:record><marc:leader>00788nam a2200205 a 4500</marc:leader><marc:controlfield tag="005">20250918232111.0</marc:controlfield><marc:controlfield tag="008">250812|2008||||xx |||||r|||||||| ||mul|d</marc:controlfield><marc:controlfield tag="001">990036758340409161</marc:controlfield><marc:datafield tag="020" ind1=" " ind2=" "><marc:subfield code="a">9789078902300</marc:subfield></marc:datafield><marc:datafield tag="035" ind1=" " ind2=" "><marc:subfield code="a">(RUG01)003675834</marc:subfield></marc:datafield><marc:datafield tag="040" ind1=" " ind2=" "><marc:subfield code="a">BE-GnUNI</marc:subfield></marc:datafield><marc:datafield tag="041" ind1="1" ind2=" "><marc:subfield code="a">eng</marc:subfield><marc:subfield code="a">dut</marc:subfield><marc:subfield code="a">fre</marc:subfield><marc:subfield code="a">ger</marc:subfield><marc:subfield code="a">spa</marc:subfield><marc:subfield code="a">ita</marc:subfield><marc:subfield code="a">por</marc:subfield><marc:subfield code="a">swe</marc:subfield><marc:subfield code="a">tur</marc:subfield><marc:subfield code="a">rus</marc:subfield><marc:subfield code="a">ara</marc:subfield><marc:subfield code="a">chi</marc:subfield></marc:datafield><marc:datafield tag="100" ind1="1" ind2=" "><marc:subfield code="a">Vanderhoydonks, Mattias,</marc:subfield><marc:subfield code="d">....-</marc:subfield><marc:subfield code="0">(viaf)31346673</marc:subfield></marc:datafield><marc:datafield tag="245" ind1="1" ind2="0"><marc:subfield code="a">Anselm&apos;s linguistic pitfall in several languages /</marc:subfield><marc:subfield code="c">Mattias Vanderhoydonks ; preface by professor Hubert Dethier.</marc:subfield></marc:datafield><marc:datafield tag="246" ind1="2" ind2=" "><marc:subfield code="a">Anselm&apos;s linguistic pitfall</marc:subfield><marc:subfield code="b">an essay in several languages</marc:subfield></marc:datafield><marc:datafield tag="260" ind1=" " ind2=" "><marc:subfield code="a">S.l. :</marc:subfield><marc:subfield code="b">Wever &amp; Bergh,</marc:subfield><marc:subfield code="c">2008.</marc:subfield></marc:datafield><marc:datafield tag="300" ind1=" " ind2=" "><marc:subfield code="a">256 p.</marc:subfield></marc:datafield><marc:datafield tag="541" ind1=" " ind2=" "><marc:subfield code="3">PSBIB.BT100.001</marc:subfield><marc:subfield code="c">Schenking</marc:subfield><marc:subfield code="a">De Ley, Herman</marc:subfield><marc:subfield code="d">00/00/0000</marc:subfield></marc:datafield><marc:datafield tag="700" ind1="1" ind2=" "><marc:subfield code="a">Dethier, Hubert,</marc:subfield><marc:subfield code="d">1933-</marc:subfield><marc:subfield code="0">(viaf)71410656</marc:subfield></marc:datafield><marc:datafield tag="920" ind1=" " ind2=" "><marc:subfield code="a">book</marc:subfield></marc:datafield></marc:record>