<marc:record><marc:leader>04756cam a22003858i 4500</marc:leader><marc:controlfield tag="005">20251006093836.0</marc:controlfield><marc:controlfield tag="008">240828s2025    cau    |r    |001 ||eng||</marc:controlfield><marc:controlfield tag="001">990036758330409161</marc:controlfield><marc:datafield tag="SID" ind1=" " ind2=" "><marc:subfield code="a">Z39</marc:subfield><marc:subfield code="b">LOC</marc:subfield></marc:datafield><marc:datafield tag="010" ind1=" " ind2=" "><marc:subfield code="a">2024040333</marc:subfield></marc:datafield><marc:datafield tag="020" ind1=" " ind2=" "><marc:subfield code="a">9781503630161</marc:subfield><marc:subfield code="q">(cloth)</marc:subfield></marc:datafield><marc:datafield tag="020" ind1=" " ind2=" "><marc:subfield code="a">9781503640993</marc:subfield><marc:subfield code="q">(paperback)</marc:subfield></marc:datafield><marc:datafield tag="020" ind1=" " ind2=" "><marc:subfield code="q">(ebook)</marc:subfield><marc:subfield code="z">9781503641006</marc:subfield></marc:datafield><marc:datafield tag="035" ind1=" " ind2=" "><marc:subfield code="a">(RUG01)003675833</marc:subfield></marc:datafield><marc:datafield tag="035" ind1=" " ind2=" "><marc:subfield code="a">23844226</marc:subfield></marc:datafield><marc:datafield tag="040" ind1=" " ind2=" "><marc:subfield code="a">CSt/DLC</marc:subfield><marc:subfield code="b">eng</marc:subfield><marc:subfield code="c">DLC</marc:subfield><marc:subfield code="e">rda</marc:subfield></marc:datafield><marc:datafield tag="042" ind1=" " ind2=" "><marc:subfield code="a">pcc</marc:subfield></marc:datafield><marc:datafield tag="050" ind1="0" ind2="0"><marc:subfield code="a">KZ1249</marc:subfield><marc:subfield code="b">.R33 2025</marc:subfield></marc:datafield><marc:datafield tag="082" ind1="0" ind2="0"><marc:subfield code="a">341.089</marc:subfield><marc:subfield code="2">23/eng/20240830</marc:subfield></marc:datafield><marc:datafield tag="245" ind1="0" ind2="0"><marc:subfield code="a">Race, racism, and international law /</marc:subfield><marc:subfield code="c">edited by Devon W. Carbado, Kimberlé Williams Crenshaw, Justin Desautels-Stein, and Chantal Thomas.</marc:subfield></marc:datafield><marc:datafield tag="260" ind1=" " ind2=" "><marc:subfield code="a">Stanford, California :</marc:subfield><marc:subfield code="b">Stanford University Press,</marc:subfield><marc:subfield code="c">2025.</marc:subfield></marc:datafield><marc:datafield tag="263" ind1=" " ind2=" "><marc:subfield code="a">2508</marc:subfield></marc:datafield><marc:datafield tag="264" ind1=" " ind2="1"><marc:subfield code="a">Stanford, California :</marc:subfield><marc:subfield code="b">Stanford University Press,</marc:subfield><marc:subfield code="c">2025.</marc:subfield></marc:datafield><marc:datafield tag="300" ind1=" " ind2=" "><marc:subfield code="a">XIII, 543 p.</marc:subfield></marc:datafield><marc:datafield tag="500" ind1=" " ind2=" "><marc:subfield code="a">Includes index. A critical race theory of global colorblindness : racial ideology and white supremacy / Michelle Christian -- The post-racial universalist framework : colonial logic in international law and relations / Kehinde Andrews -- Critical race theory meets Third World approaches to international law / E. Tendayi Achiume and Devon Carbado. Race and politics in international criminal law : case studies from the Arab world / Wadie Said -- Ukrainian racial contracting and the geopolitics of welcome in international refugee law / Marissa Jackson Sow -- Unsettling the border / Sherally Munshi -- Race as a technology of global political economy / Chantal Thomas -- Barbarians at the gate : the NIEO and the stakes of racial capitalism / Vasuki Nesiah -- Race consciousness and contemporary international law scholarship : the political economy of a blindspot / Akbar Rasulov -- An unreliable friend? : human rights and the struggle against racial capitalism / Ntina Tzouvala -- Postracial xenophobia : an abbreviated history of racial ideology in international legal thought / Justin Desautels-Stein -- Towards a transnational critical race theory : Black radicalism across the oceans / Joel Modiri -- Shades of ignorance : a critique of the epistemic whiteness of international law / Mohsen al Attar and Claire Smith --</marc:subfield></marc:datafield><marc:datafield tag="505" ind1="0" ind2=" "><marc:subfield code="a">Race and empire in international law / E. Tendayi Achiume and Aslı Bâli -- A racist international law : domination and resistance in the Americas of the 19th century / Arnulf Becker Lorca -- Racial panics and the making of (white) international law / Frédéric Mégret -- A &quot;world problem&quot; : apartheid, international law, and the domestication of race / Christopher Gevers -- From metaphor to memory : remembering Dantès Bellegarde and W.E.B. Du Bois in the legal definition of slavery and forced labor at the League of Nations and the International Labor Organization / Adelle Blackett -- Transforming the racialized international system : intellectual and political challenges / Rogers M. Smith -- Human rights, COVID-19, and global critical race feminism / Adrien K. Wing -- Law and epidemiology in the making of Guantanamo / Aziza Ahmed -- White health and international law / Matiangai Sirleaf --</marc:subfield></marc:datafield><marc:datafield tag="520" ind1=" " ind2=" "><marc:subfield code="a">&quot;From its inception in the 70s and 80s, critical race theory&apos;s target was the field of law, revealing it to be a repository for racial power. This particular critique of law was explosive because of law&apos;s putatively apolitical status, making it a unique site for an intellectual sit-in that has forever changed the way that race and racism are understood in American society. Several decades later, as indicators of populism and white nationalism spread across North America and Europe, critical race theory remains markedly absent from discourses in global affairs and international law. This volume opens the door for CRT to enter the international sphere. Featuring contributions from 30 of today&apos;s leading scholars from around the world, Race, Racism, and International Law will explain how the concept of racial difference sits at the foundation of the legal, political, and social structures of hierarchy that shape the contemporary global order. Helmed by four pioneering experts, two in CRT and two in international law, the volume&apos;s approach will target regimes of power and violence that implicate racism, capitalism, and colonialism. This volume lays the groundwork for urgent and provocative new modes of critique and analysis&quot;--</marc:subfield><marc:subfield code="c">Provided by publisher.</marc:subfield></marc:datafield><marc:datafield tag="650" ind1=" " ind2="0"><marc:subfield code="a">Critical race theory.</marc:subfield></marc:datafield><marc:datafield tag="650" ind1=" " ind2="0"><marc:subfield code="a">International law</marc:subfield><marc:subfield code="x">Social aspects.</marc:subfield></marc:datafield><marc:datafield tag="650" ind1=" " ind2="0"><marc:subfield code="a">Racism.</marc:subfield></marc:datafield><marc:datafield tag="700" ind1="1" ind2=" "><marc:subfield code="a">Carbado, Devon W.,</marc:subfield><marc:subfield code="d">....-</marc:subfield><marc:subfield code="0">(viaf)</marc:subfield></marc:datafield><marc:datafield tag="700" ind1="1" ind2=" "><marc:subfield code="a">Crenshaw, Kimberlé,</marc:subfield><marc:subfield code="d">1959-</marc:subfield><marc:subfield code="0">(viaf)53386293</marc:subfield></marc:datafield><marc:datafield tag="700" ind1="1" ind2=" "><marc:subfield code="a">Desautels-Stein, Justin,</marc:subfield><marc:subfield code="d">1975-</marc:subfield><marc:subfield code="0">(viaf)</marc:subfield></marc:datafield><marc:datafield tag="700" ind1="1" ind2=" "><marc:subfield code="a">Thomas, Chantal,</marc:subfield><marc:subfield code="d">1971-</marc:subfield><marc:subfield code="0">(viaf)</marc:subfield></marc:datafield><marc:datafield tag="920" ind1=" " ind2=" "><marc:subfield code="a">book</marc:subfield></marc:datafield></marc:record>