<marc:record><marc:leader>01641nkm a2200301 a 4500</marc:leader><marc:controlfield tag="005">20250918123704.0</marc:controlfield><marc:controlfield tag="008">140425q1968    be     |     |r   l|dut|d</marc:controlfield><marc:controlfield tag="001">990036758320409161</marc:controlfield><marc:datafield tag="035" ind1=" " ind2=" "><marc:subfield code="a">(RUG01)003675832</marc:subfield></marc:datafield><marc:datafield tag="040" ind1=" " ind2=" "><marc:subfield code="a">BE-GnUNI</marc:subfield></marc:datafield><marc:datafield tag="245" ind1="0" ind2="0"><marc:subfield code="k">[plan]</marc:subfield><marc:subfield code="a">Gent. Stadhuis. Stadsbestuur van Gent. Technische dienst der gebouwen. Stadhuis. Voorstel voor verbouwing van de vleugel aan Burg. Braunplein. Gelijkvloers, bovengelijkvloers en 1te en 2e verdieping. 5e voorstel (Reproductie).</marc:subfield></marc:datafield><marc:datafield tag="260" ind1=" " ind2=" "><marc:subfield code="c">[1968?].</marc:subfield></marc:datafield><marc:datafield tag="300" ind1=" " ind2=" "><marc:subfield code="a">1 plan :</marc:subfield><marc:subfield code="b">witdruk (?) ;</marc:subfield><marc:subfield code="c">h 428 x b 1520 mm.</marc:subfield></marc:datafield><marc:datafield tag="500" ind1=" " ind2=" "><marc:subfield code="a">Geen datum op het plan: Datering op basis van BIB.ARCH.006929</marc:subfield></marc:datafield><marc:datafield tag="500" ind1=" " ind2=" "><marc:subfield code="a">Tekst op het plan: Stadsbestuur van Gent. Technische dienst der gebouwen. Stadhuis. Voorstel voor verbouwing van de vleugel aan Burg. Braunplein. Gelijkvloers, bovengelijkvloers en 1te en 2e verdieping. 5e voorstel / Gelijkvloers / Bovengelijkvloers / 2e &amp; 3e verdieping / 4e verdieping</marc:subfield></marc:datafield><marc:datafield tag="500" ind1=" " ind2=" "><marc:subfield code="a">Nummer op het plan: Dossier 93. Plan 22</marc:subfield></marc:datafield><marc:datafield tag="507" ind1=" " ind2=" "><marc:subfield code="a">Schaal: 5 m.m. p.m.</marc:subfield></marc:datafield><marc:datafield tag="520" ind1=" " ind2=" "><marc:subfield code="a">Grondplannen van de verschillende verdiepingen van het Gentse stadhuis, met voorstel tot aanpassing van de vleugel op de hoek van de Poeljemarkt en de Stadhuisssteeg</marc:subfield></marc:datafield><marc:datafield tag="540" ind1=" " ind2=" "><marc:subfield code="a">INC</marc:subfield></marc:datafield><marc:datafield tag="591" ind1=" " ind2=" "><marc:subfield code="a">Architectuurfocus</marc:subfield></marc:datafield><marc:datafield tag="591" ind1=" " ind2=" "><marc:subfield code="a">Bijzondere collecties</marc:subfield></marc:datafield><marc:datafield tag="662" ind1=" " ind2=" "><marc:subfield code="a">België</marc:subfield><marc:subfield code="d">Gent</marc:subfield><marc:subfield code="f">Poeljemarkt</marc:subfield><marc:subfield code="0">(bpost)9000</marc:subfield><marc:subfield code="0">(tgn)7007887</marc:subfield></marc:datafield><marc:datafield tag="662" ind1=" " ind2=" "><marc:subfield code="a">België</marc:subfield><marc:subfield code="d">Gent</marc:subfield><marc:subfield code="0">(bpost)9000</marc:subfield><marc:subfield code="0">(tgn)7007887</marc:subfield></marc:datafield><marc:datafield tag="650" ind1=" " ind2="7"><marc:subfield code="a">Architecture.</marc:subfield><marc:subfield code="2">UGENTSC</marc:subfield></marc:datafield><marc:datafield tag="650" ind1=" " ind2="7"><marc:subfield code="a">City and town halls.</marc:subfield><marc:subfield code="2">UGENTSC</marc:subfield></marc:datafield><marc:datafield tag="655" ind1=" " ind2="7"><marc:subfield code="a">Architecture, Designs and plans.</marc:subfield><marc:subfield code="2">UGENTSC</marc:subfield></marc:datafield><marc:datafield tag="710" ind1="2" ind2=" "><marc:subfield code="a">Stadsbestuur van Gent. Technische dienst der gebouwen</marc:subfield></marc:datafield><marc:datafield tag="920" ind1=" " ind2=" "><marc:subfield code="a">plan</marc:subfield></marc:datafield></marc:record>