<marc:record><marc:leader>04156ntm a2200241 a 4500</marc:leader><marc:controlfield tag="005">20250918120636.0</marc:controlfield><marc:controlfield tag="008">250812|1938||||xx ||| |#    |||| ||fre|d</marc:controlfield><marc:controlfield tag="001">990036758280409161</marc:controlfield><marc:datafield tag="035" ind1=" " ind2=" "><marc:subfield code="a">(RUG01)003675828</marc:subfield></marc:datafield><marc:datafield tag="040" ind1=" " ind2=" "><marc:subfield code="a">BE-GnUNI</marc:subfield></marc:datafield><marc:datafield tag="245" ind1="0" ind2="0"><marc:subfield code="k">[manuscript]</marc:subfield><marc:subfield code="a">Hulde-album van Belgische zwemverenigingen opgedragen aan de voorzitter van Fédération Royale Belge de Natation et de Sauvetage, Adrien van den Burgh.</marc:subfield></marc:datafield><marc:datafield tag="260" ind1=" " ind2=" "><marc:subfield code="c">1938.</marc:subfield></marc:datafield><marc:datafield tag="300" ind1=" " ind2=" "><marc:subfield code="a">[50] p. ;</marc:subfield><marc:subfield code="c">34 cm.</marc:subfield></marc:datafield><marc:datafield tag="500" ind1=" " ind2=" "><marc:subfield code="a">&quot;Cet album est dédié par les comités et les cercles de la Fédération Royale Belge de Natation et de Sauvetage à leur cher président comte Adrien van den Burgh en témoignage de reconnaissance pour ses éminent services qu&apos;il a rendu pendant sa présidence 1920-1938&quot;</marc:subfield></marc:datafield><marc:datafield tag="500" ind1=" " ind2=" "><marc:subfield code="a">(deel 2): Cercle de Natation de St. Josse-ten-Noode ; Cercle Sportif de la Police d&apos;Etterbeek ; Ensival-Natation ; Cercle de Natation Dumary Andrimont Verviers ; Willebroeksche Zwemclub ; Liersche Zwemclub ; Roeselaarsche Zwemvereeniging ; Isechemsche Zwem- en Reddingsclub ; Cercle de Natation de Stavelot ; Cercle Theux Natation ; Cercle de Natation de Binche ; Club Viviers Natation Chapelle ; Zwemclub &quot;White Star&quot; Deynze ; Waereghemsche Zwemclub &quot;De Waterratten&quot; ; Zwemclub &quot;Neptunus&quot; Aalst ; Zelzaetsche Zwemvereeniging ; Zwemclub Lackbors Deurne-Antwerpen ; Deurne Athletic Swimming Club ; Breesche Watersportclub ; Eisdensche Red Star Club ; Meenensche Zwemkring ; Zwemclub Zele ; R.F.C. &quot;Malmundaria&quot; 1914 - Section Sports Nautiques ; Royal Standard Club Liège - Section Natation et Waterpolo ; Rust Roest ; Dendermondsche Zwemclub ; Union Sportive Inter-Banques Bruxelles ; Union Nationale des Étudiants de Belgique ; Cercle de Natation et de Sauvetage de la Police Bruxelloise ; Union Sportive Policière d&apos;Ixelles ; Oostendsche Politie Sportkring ; Gentsche Politie Zwem- en Reddersclub ; Sportvereeniging van het Gentsch Stadspersoneel ; Fédération Sportive Interécoles ; Union Corporative Verviétoise - Section Natation ; Union Nautique de Liège - Section Natation</marc:subfield></marc:datafield><marc:datafield tag="500" ind1=" " ind2=" "><marc:subfield code="a">De verschillende verenigingen vermeld in het album (deel 1): Cercle Royal de Natation de Bruxelles ; Koninklijke Antwerpsche Zwemclub ; Royal Brussels Swimming Club ; Cercle Royal de Natation de Schaerbeek ; Société Royale &quot;La Nage&quot; de St. Gilles ; Royal Ixelles Swimming Club ; Koninklijke Brugsche Zwem- en Reddingskring ; Royal Ghent Swimming Club ; Koninklijke Gentsche Zwemvereeniging ; Royal Verviers Natation ; Zwemclub &quot;De Waterratten&quot; Antwerpen ; Ostend Swimming Club ; Union des Nageurs Anversois ; Olympic Swimming Club Antwerpen ; Cercle Royal du Bain Grétry Liège ; Mava Club de Liège - Section Sportive ; Cercle de Natation de Vilvorde ; Leuvensche Zwemclub ; Royal Namur-Natation ; Cercle de Natation de Huy ; Koninklijke Hasseltsche Zwemvereeniging ; St. Truidensche Zwemvereeniging ; Cercle de Natation de Spa ; Dina-Club Visétois ; Cercle de Natation de Tournai ; Union Swimming Club Tournaisien ; Swimming Club Renaisien ; Zwemclub &quot;Nood Dwingt&quot; St. Niklaas ; Racing Swimming Club Mechelen ; Zwemclub De Ysberen Antwerpen ; Crawl Club Charleroi ; Royal Charleroi Sporting Club - Section Natation ; Arbeid en Vermaak Bell Téléphone Co Antwerpen ; Sportclub Maccabi Antwerpen ; Zwem- en Reddingsvereeniging Otterclub Antwerpen ; Boomsche Zwemclub ; Kortrijksche Zwemclub ; Ypres Swimming Club ; Cercle de Natation Albert-Elisabeth - Club de Mons ; Association Athlétique Louvièroise - Section Natation ; Cercle Seraing-Natation ; Cercle de Natation et de Sauvetage Dinant ;</marc:subfield></marc:datafield><marc:datafield tag="520" ind1=" " ind2=" "><marc:subfield code="a">Album in fraai gedecoreerde leren band, ontwerp van Frères Bilsen (Gent), met de tekst F.R.B.N.S. - K.B.Z.R.B. met voorstelling van een zwemmer in zweefduik boven een zee met ondergaande zon. 50 pagina&apos;s manuscript met kalligrafie en handtekeningen.</marc:subfield></marc:datafield><marc:datafield tag="541" ind1=" " ind2=" "><marc:subfield code="3">BIB.G.055033</marc:subfield><marc:subfield code="c">Aankoop</marc:subfield><marc:subfield code="a">Antiquariaat Arine van der Steur</marc:subfield><marc:subfield code="d">28/07/2025</marc:subfield><marc:subfield code="b">Den Haag, Nederland</marc:subfield></marc:datafield><marc:datafield tag="591" ind1=" " ind2=" "><marc:subfield code="a">Bijzondere collecties</marc:subfield></marc:datafield><marc:datafield tag="655" ind1=" " ind2="7"><marc:subfield code="a">Manuscripts.</marc:subfield><marc:subfield code="2">UGENTSC</marc:subfield></marc:datafield><marc:datafield tag="710" ind1="2" ind2=" "><marc:subfield code="a">Fédération Royale Belge de Natation et de Sauvetage</marc:subfield></marc:datafield><marc:datafield tag="710" ind1="2" ind2=" "><marc:subfield code="a">Koninklijke Belgische Zwem- en Reddingsbond</marc:subfield></marc:datafield><marc:datafield tag="920" ind1=" " ind2=" "><marc:subfield code="a">manuscript</marc:subfield></marc:datafield></marc:record>