<marc:record><marc:leader>00932nam a2200217 a 4500</marc:leader><marc:controlfield tag="005">20250918115205.0</marc:controlfield><marc:controlfield tag="008">250812|1932||||xx |||||||||||||| ||fre|d</marc:controlfield><marc:controlfield tag="001">990036758270409161</marc:controlfield><marc:datafield tag="035" ind1=" " ind2=" "><marc:subfield code="a">(RUG01)003675827</marc:subfield></marc:datafield><marc:datafield tag="040" ind1=" " ind2=" "><marc:subfield code="a">BE-GnUNI</marc:subfield></marc:datafield><marc:datafield tag="245" ind1="0" ind2="0"><marc:subfield code="k">[catalog]</marc:subfield><marc:subfield code="a">Collection Enthoven. 3. Modèles de vaisseaux, XVVIIe-XIXe siècles /</marc:subfield><marc:subfield code="c">direction Ant. W. M. Mensing &amp; fils.</marc:subfield></marc:datafield><marc:datafield tag="260" ind1=" " ind2=" "><marc:subfield code="a">Amsterdam :</marc:subfield><marc:subfield code="b">Muller,</marc:subfield><marc:subfield code="c">1932.</marc:subfield></marc:datafield><marc:datafield tag="300" ind1=" " ind2=" "><marc:subfield code="a">5 p., [5] bl. pl. ;</marc:subfield><marc:subfield code="c">32 cm.</marc:subfield></marc:datafield><marc:datafield tag="500" ind1=" " ind2=" "><marc:subfield code="a">Vente le 26 octobre 1932</marc:subfield></marc:datafield><marc:datafield tag="518" ind1=" " ind2=" "><marc:subfield code="o">Veiling</marc:subfield><marc:subfield code="d">26/10/1932</marc:subfield><marc:subfield code="p">Amsterdam. Frederik Muller.</marc:subfield></marc:datafield><marc:datafield tag="591" ind1=" " ind2=" "><marc:subfield code="a">Bijzondere collecties</marc:subfield></marc:datafield><marc:datafield tag="600" ind1="1" ind2="0"><marc:subfield code="a">Enthoven, L. C.</marc:subfield><marc:subfield code="x">Art collections</marc:subfield><marc:subfield code="v">Catalogs.</marc:subfield></marc:datafield><marc:datafield tag="655" ind1=" " ind2="7"><marc:subfield code="a">Catalogs.</marc:subfield><marc:subfield code="2">UGENTSC</marc:subfield></marc:datafield><marc:datafield tag="655" ind1=" " ind2="7"><marc:subfield code="a">Sales and auction catalogs.</marc:subfield><marc:subfield code="2">UGENTSC</marc:subfield></marc:datafield><marc:datafield tag="773" ind1="1" ind2="8"><marc:subfield code="w">990036758260409161</marc:subfield><marc:subfield code="t">Deel BIB.ACC.061307/2 van verzamelband BIB.ACC.061307/-2</marc:subfield><marc:subfield code="g">pt:Deel BIB.ACC.061307/2: Collection Enthoven. 3. Modèles de vaisseaux, XVVIIe-XIXe siècles</marc:subfield><marc:subfield code="g">iss:03</marc:subfield></marc:datafield><marc:datafield tag="920" ind1=" " ind2=" "><marc:subfield code="a">catalog</marc:subfield></marc:datafield></marc:record>