<marc:record><marc:leader>00695nam a2200181 a 4500</marc:leader><marc:controlfield tag="005">20250918232114.0</marc:controlfield><marc:controlfield tag="008">250812|2025||||be |||||r|||||||| ||fre|d</marc:controlfield><marc:controlfield tag="001">990036758250409161</marc:controlfield><marc:datafield tag="020" ind1=" " ind2=" "><marc:subfield code="a">9782807951037</marc:subfield></marc:datafield><marc:datafield tag="035" ind1=" " ind2=" "><marc:subfield code="a">(RUG01)003675825</marc:subfield></marc:datafield><marc:datafield tag="040" ind1=" " ind2=" "><marc:subfield code="a">BE-GnUNI</marc:subfield></marc:datafield><marc:datafield tag="245" ind1="0" ind2="2"><marc:subfield code="a">L&apos;exécution des peines d&apos;emprisonnement jusqu&apos;à trois ans :</marc:subfield><marc:subfield code="b">réformer en temps de surpopulation carcérale? /</marc:subfield><marc:subfield code="c">sous la coordination de Olivia Nederlandt et Marie-Aude Beernaert.</marc:subfield></marc:datafield><marc:datafield tag="260" ind1=" " ind2=" "><marc:subfield code="a">Louvain-la-Neuve :</marc:subfield><marc:subfield code="b">Larcier Intersentia,</marc:subfield><marc:subfield code="c">2025.</marc:subfield></marc:datafield><marc:datafield tag="300" ind1=" " ind2=" "><marc:subfield code="a">354 p.</marc:subfield></marc:datafield><marc:datafield tag="490" ind1="0" ind2=" "><marc:subfield code="a">Droit pénal</marc:subfield></marc:datafield><marc:datafield tag="700" ind1="1" ind2=" "><marc:subfield code="a">Nederlandt, Olivia,</marc:subfield><marc:subfield code="d">....-</marc:subfield><marc:subfield code="0">(viaf)219152079227907112616</marc:subfield></marc:datafield><marc:datafield tag="700" ind1="1" ind2=" "><marc:subfield code="a">Beernaert, Marie-Aude,</marc:subfield><marc:subfield code="d">....-</marc:subfield><marc:subfield code="0">(viaf)56727506</marc:subfield></marc:datafield><marc:datafield tag="920" ind1=" " ind2=" "><marc:subfield code="a">book</marc:subfield></marc:datafield></marc:record>