<marc:record><marc:leader>02539cam a22003015i 4500</marc:leader><marc:controlfield tag="005">20250918232115.0</marc:controlfield><marc:controlfield tag="008">250516s2025    mau    |r    |000 ||eng||</marc:controlfield><marc:controlfield tag="001">990036758240409161</marc:controlfield><marc:datafield tag="010" ind1=" " ind2=" "><marc:subfield code="a">2025938922</marc:subfield></marc:datafield><marc:datafield tag="020" ind1=" " ind2=" "><marc:subfield code="a">9781035324491</marc:subfield><marc:subfield code="q">(hardback)</marc:subfield></marc:datafield><marc:datafield tag="020" ind1=" " ind2=" "><marc:subfield code="a">9781035324514</marc:subfield><marc:subfield code="q">(paperback)</marc:subfield></marc:datafield><marc:datafield tag="020" ind1=" " ind2=" "><marc:subfield code="z">9781035324507</marc:subfield><marc:subfield code="q">(ebook)</marc:subfield></marc:datafield><marc:datafield tag="020" ind1=" " ind2=" "><marc:subfield code="z">9781035370252</marc:subfield><marc:subfield code="q">(epub)</marc:subfield></marc:datafield><marc:datafield tag="035" ind1=" " ind2=" "><marc:subfield code="a">(RUG01)003675824</marc:subfield></marc:datafield><marc:datafield tag="035" ind1=" " ind2=" "><marc:subfield code="a">24207931</marc:subfield></marc:datafield><marc:datafield tag="040" ind1=" " ind2=" "><marc:subfield code="a">DLC</marc:subfield><marc:subfield code="b">eng</marc:subfield><marc:subfield code="c">DLC</marc:subfield><marc:subfield code="e">rda</marc:subfield></marc:datafield><marc:datafield tag="042" ind1=" " ind2=" "><marc:subfield code="a">pcc</marc:subfield></marc:datafield><marc:datafield tag="100" ind1="1" ind2=" "><marc:subfield code="a">Tuori, Kaarlo,</marc:subfield><marc:subfield code="d">....-</marc:subfield><marc:subfield code="0">(viaf)</marc:subfield><marc:subfield code="4">aut</marc:subfield></marc:datafield><marc:datafield tag="245" ind1="1" ind2="0"><marc:subfield code="a">Advanced introduction to legal positivism /</marc:subfield><marc:subfield code="c">Kaarlo Tuori.</marc:subfield></marc:datafield><marc:datafield tag="250" ind1=" " ind2=" "><marc:subfield code="a">First edition.</marc:subfield></marc:datafield><marc:datafield tag="260" ind1=" " ind2=" "><marc:subfield code="a">Northampton :</marc:subfield><marc:subfield code="b">Edward Elgar Publishing,</marc:subfield><marc:subfield code="c">2025.</marc:subfield></marc:datafield><marc:datafield tag="263" ind1=" " ind2=" "><marc:subfield code="a">2508</marc:subfield></marc:datafield><marc:datafield tag="264" ind1=" " ind2="1"><marc:subfield code="a">Northampton :</marc:subfield><marc:subfield code="b">Edward Elgar Publishing,</marc:subfield><marc:subfield code="c">2025.</marc:subfield></marc:datafield><marc:datafield tag="300" ind1=" " ind2=" "><marc:subfield code="a">Pages cm.</marc:subfield></marc:datafield><marc:datafield tag="490" ind1="0" ind2=" "><marc:subfield code="a">Elgar advanced introductions series</marc:subfield></marc:datafield><marc:datafield tag="520" ind1=" " ind2=" "><marc:subfield code="a">&quot;Elgar Advanced Introductions are stimulating and thoughtful introductions to major fields in the social sciences, business and law, expertly written by the world&apos;s leading scholars. Designed to be accessible yet rigorous, they offer concise and lucid surveys of the substantive and policy issues associated with discrete subject areas. The Advanced Introduction to Legal Positivism provides an accessible overview of legal positivism, structured in accordance with the main theses of theoretical and methodological positivism: the normativity, the social, the separation and the descriptive thesis. Kaarlo Tuori compares the two main variants of 20th century positivism presented by Hans Kelsen and H. L. A. Hart, delineating these from philosophical and sociological positivism. Tuori examines the criticism of natural law and legal realism by both Kelsen and Hart, offering new insights into the connections between law and morals and into law&apos;s social dimension. He outlines problematic reductions caused by legal positivism, including the neglect of social and legal-cultural dimensions, as well as the interlegality of contemporary law. Key Features: - Explores the social dimension of law - Examines legal principles and validity - Critically analyses Kelsen&apos;s basic norm and Hart&apos;s rule of recognition - Discusses conceptual analysis and the accompanying reliance on a standard case in legal positivism This informative Advanced Introduction is an essential guide for students and academics in law and philosophy. Its critical and methodological insights are also beneficial for legal theorists and philosophers of law&quot;--</marc:subfield><marc:subfield code="c">Provided by publisher.</marc:subfield></marc:datafield><marc:datafield tag="920" ind1=" " ind2=" "><marc:subfield code="a">book</marc:subfield></marc:datafield><marc:datafield tag="SID" ind1=" " ind2=" "><marc:subfield code="a">Z39</marc:subfield><marc:subfield code="b">LOC</marc:subfield></marc:datafield></marc:record>