<marc:record><marc:leader>01710nkm a2200337 a 4500</marc:leader><marc:controlfield tag="005">20250918121117.0</marc:controlfield><marc:controlfield tag="008">250519s1571    xx ||| |     |r   k|lat|d</marc:controlfield><marc:controlfield tag="001">990036758220409161</marc:controlfield><marc:datafield tag="035" ind1=" " ind2=" "><marc:subfield code="a">(RUG01)003675822</marc:subfield></marc:datafield><marc:datafield tag="040" ind1=" " ind2=" "><marc:subfield code="a">BE-GnUNI</marc:subfield></marc:datafield><marc:datafield tag="100" ind1="1" ind2=" "><marc:subfield code="a">Wierix, Johannes,</marc:subfield><marc:subfield code="d">1549?-1620?</marc:subfield><marc:subfield code="0">(viaf)88915418</marc:subfield><marc:subfield code="4">egr</marc:subfield></marc:datafield><marc:datafield tag="245" ind1="1" ind2="0"><marc:subfield code="k">[print]</marc:subfield><marc:subfield code="a">De mens die ernaar streeft zichzelf te bevrijden van de heerschappij van de duivel, prent 2 van &apos;Het Onze Vader&apos; /</marc:subfield><marc:subfield code="c">Johannes Wierix, naar Maarten van Heemskerck.</marc:subfield></marc:datafield><marc:datafield tag="246" ind1="2" ind2=" "><marc:subfield code="a">Man striving to deliver himself from the reign of the devil</marc:subfield></marc:datafield><marc:datafield tag="260" ind1=" " ind2=" "><marc:subfield code="a">[Antwerpen :</marc:subfield><marc:subfield code="b">Philips Galle],</marc:subfield><marc:subfield code="c">ca. 1571.</marc:subfield></marc:datafield><marc:datafield tag="300" ind1=" " ind2=" "><marc:subfield code="a">1 prent :</marc:subfield><marc:subfield code="b">gravure, ingebonden ;</marc:subfield><marc:subfield code="c">plaatrand h 207 x b 250 mm, bladrand h 255 x b 335 mm.</marc:subfield></marc:datafield><marc:datafield tag="340" ind1=" " ind2=" "><marc:subfield code="a">Papier.</marc:subfield></marc:datafield><marc:datafield tag="490" ind1="0" ind2=" "><marc:subfield code="a">Het Onze Vader</marc:subfield></marc:datafield><marc:datafield tag="490" ind1="0" ind2=" "><marc:subfield code="a">The Lord&apos;s Prayer</marc:subfield></marc:datafield><marc:datafield tag="500" ind1=" " ind2=" "><marc:subfield code="a">Prent 2 van &apos;Het Onze Vader&apos;. Reeks bestaat uit 8 gravures.</marc:subfield></marc:datafield><marc:datafield tag="500" ind1=" " ind2=" "><marc:subfield code="a">Onderschrift: Adveniat regnum tuum</marc:subfield></marc:datafield><marc:datafield tag="500" ind1=" " ind2=" "><marc:subfield code="a">Vermoedelijk uitgegeven door Philips Galle</marc:subfield></marc:datafield><marc:datafield tag="500" ind1=" " ind2=" "><marc:subfield code="3">BIB.GOP.B1781</marc:subfield><marc:subfield code="a">Twee vrouwelijke figuren gecensureerd</marc:subfield></marc:datafield><marc:datafield tag="500" ind1=" " ind2=" "><marc:subfield code="3">BIB.GOP.B1781</marc:subfield><marc:subfield code="a">Reeks 18/prent 2</marc:subfield></marc:datafield><marc:datafield tag="540" ind1=" " ind2=" "><marc:subfield code="a">PDM-1.0</marc:subfield></marc:datafield><marc:datafield tag="581" ind1=" " ind2=" "><marc:subfield code="a">Hollstein, Dutch and Flemish etchings, engravings and woodcuts, 1450-1700, Vol. LXIII, The Wierix Family, Part V, Rotterdam: Sound &amp; Vision, 2004, p. 135, nr. 1038/I</marc:subfield></marc:datafield><marc:datafield tag="591" ind1=" " ind2=" "><marc:subfield code="a">Bijzondere collecties</marc:subfield></marc:datafield><marc:datafield tag="655" ind1=" " ind2="7"><marc:subfield code="a">Graphic material.</marc:subfield><marc:subfield code="2">UGENTSC</marc:subfield></marc:datafield><marc:datafield tag="700" ind1="1" ind2=" "><marc:subfield code="a">Van Heemskerck, Maarten,</marc:subfield><marc:subfield code="d">1498-1574</marc:subfield><marc:subfield code="0">(viaf)88717459</marc:subfield><marc:subfield code="4">ccp</marc:subfield></marc:datafield><marc:datafield tag="700" ind1="1" ind2=" "><marc:subfield code="a">Galle, Philips,</marc:subfield><marc:subfield code="d">1537-1612</marc:subfield><marc:subfield code="0">(viaf)73895789</marc:subfield><marc:subfield code="4">asn</marc:subfield></marc:datafield><marc:datafield tag="773" ind1="1" ind2="8"><marc:subfield code="w">990031418980409161</marc:subfield><marc:subfield code="t">Deel 174 van verzamelband BIB.GOP.B1781</marc:subfield><marc:subfield code="g">pt:Deel 174: De mens die ernaar streeft zichzelf te bevrijden van de heerschappij van de duivel</marc:subfield><marc:subfield code="g">iss:174</marc:subfield></marc:datafield><marc:datafield tag="920" ind1=" " ind2=" "><marc:subfield code="a">image</marc:subfield></marc:datafield></marc:record>