<marc:record><marc:leader>01800cam a2200217 i 4500</marc:leader><marc:controlfield tag="005">20250917135921.0</marc:controlfield><marc:controlfield tag="008">221014s2023    sw |||||r|||||000 ||swe|d</marc:controlfield><marc:controlfield tag="001">990036758200409161</marc:controlfield><marc:datafield tag="020" ind1=" " ind2=" "><marc:subfield code="a">9789180501873</marc:subfield><marc:subfield code="q">pocket</marc:subfield></marc:datafield><marc:datafield tag="035" ind1=" " ind2=" "><marc:subfield code="a">(RUG01)003675820</marc:subfield></marc:datafield><marc:datafield tag="035" ind1=" " ind2=" "><marc:subfield code="a">(RUG01)003675820RUG01</marc:subfield></marc:datafield><marc:datafield tag="035" ind1=" " ind2=" "><marc:subfield code="a">(BOKR)9789180501873</marc:subfield></marc:datafield><marc:datafield tag="040" ind1=" " ind2=" "><marc:subfield code="a">BOKR</marc:subfield><marc:subfield code="b">swe</marc:subfield><marc:subfield code="d">Ssb</marc:subfield><marc:subfield code="d">S</marc:subfield><marc:subfield code="e">i</marc:subfield><marc:subfield code="e">rda</marc:subfield></marc:datafield><marc:datafield tag="082" ind1="0" ind2="4"><marc:subfield code="a">553.7</marc:subfield><marc:subfield code="2">23/swe</marc:subfield></marc:datafield><marc:datafield tag="100" ind1="1" ind2=" "><marc:subfield code="a">Karlsson, Andreas</marc:subfield><marc:subfield code="d">1977-</marc:subfield><marc:subfield code="0">(viaf)</marc:subfield></marc:datafield><marc:datafield tag="245" ind1="1" ind2="0"><marc:subfield code="a">Vatten :</marc:subfield><marc:subfield code="b">en historia om människor och civilisationer /</marc:subfield><marc:subfield code="c">Andreas Karlsson.</marc:subfield></marc:datafield><marc:datafield tag="260" ind1=" " ind2=" "><marc:subfield code="a">Lund :</marc:subfield><marc:subfield code="b">Historiska media,</marc:subfield><marc:subfield code="c">2023</marc:subfield></marc:datafield><marc:datafield tag="300" ind1=" " ind2=" "><marc:subfield code="a">304 p.: ill.</marc:subfield></marc:datafield><marc:datafield tag="520" ind1=" " ind2=" "><marc:subfield code="a">Varifrån kommer egentligen vattnet? Varför är det så viktigt för oss? Hur mycket finns det, hur mycket behöver vi och hur tillgodoser vi världens behov? Vatten beskriver människans komplicerade förhållande till den transparenta, smaklösa vätska som i miljoner år har dikterat villkoren för allt liv. Hela vår civilisations existens och utveckling har handlat om att kontrollera vatten, och för att klara det har människan varit tvungen att förstå det. Historiens alla civilisationer har blomstrat eller gått under beroende på hur väl de har lyckats. Vår egen är inget undantag. Andreas Karlsson är journalist och författare och har i två decennier skrivit om internationella frågor, social utveckling och historia. Idag delar han sin tid mellan Kullabygden i Sverige och Kapstaden i Sydafrika, varifrån han rapporterar om vattenrelaterade ämnen på den afrikanska kontinenten. I Vatten får vi följa med på en spännande och lärorik resa genom mänsklighetens vattenfyllda historia. Det är den första bok på svenska som på ett övergripande och lättillgängligt sätt berättar historien om människans relation till vatten.</marc:subfield></marc:datafield><marc:datafield tag="920" ind1=" " ind2=" "><marc:subfield code="a">book</marc:subfield></marc:datafield><marc:datafield tag="SID" ind1=" " ind2=" "><marc:subfield code="a">Z39</marc:subfield><marc:subfield code="b">LIBR</marc:subfield></marc:datafield></marc:record>