<marc:record><marc:leader>01525nkm a2200313 a 4500</marc:leader><marc:controlfield tag="005">20250918121116.0</marc:controlfield><marc:controlfield tag="008">250519m15951633xx ||| |     |r   k|lat|d</marc:controlfield><marc:controlfield tag="001">990036758080409161</marc:controlfield><marc:datafield tag="035" ind1=" " ind2=" "><marc:subfield code="a">(RUG01)003675808</marc:subfield></marc:datafield><marc:datafield tag="040" ind1=" " ind2=" "><marc:subfield code="a">BE-GnUNI</marc:subfield></marc:datafield><marc:datafield tag="245" ind1="0" ind2="0"><marc:subfield code="k">[print]</marc:subfield><marc:subfield code="a">De apostelen Petrus, Andreas en Jakobus de Meerdere, prent 1 van &apos;De twaalf apostelen met de geloofsbelijdenis&apos; /</marc:subfield><marc:subfield code="c">[naar Adriaan Collaert].</marc:subfield></marc:datafield><marc:datafield tag="246" ind1="2" ind2=" "><marc:subfield code="a">St Peter, St Andrew, St James the Great</marc:subfield></marc:datafield><marc:datafield tag="260" ind1=" " ind2=" "><marc:subfield code="a">Antwerpen :</marc:subfield><marc:subfield code="b">Theodoor Galle,</marc:subfield><marc:subfield code="c">1595-1633.</marc:subfield></marc:datafield><marc:datafield tag="300" ind1=" " ind2=" "><marc:subfield code="a">1 prent :</marc:subfield><marc:subfield code="b">gravure, ingebonden ;</marc:subfield><marc:subfield code="c">plaatrand h 190 x b 253 mm, bladrand h 255 x b 335 mm.</marc:subfield></marc:datafield><marc:datafield tag="340" ind1=" " ind2=" "><marc:subfield code="a">Papier.</marc:subfield></marc:datafield><marc:datafield tag="490" ind1="0" ind2=" "><marc:subfield code="a">De twaalf apostelen met de geloofsbelijdenis</marc:subfield></marc:datafield><marc:datafield tag="490" ind1="0" ind2=" "><marc:subfield code="a">The twelve apostles with the creed</marc:subfield></marc:datafield><marc:datafield tag="500" ind1=" " ind2=" "><marc:subfield code="3">BIB.GOP.B1781</marc:subfield><marc:subfield code="a">Reeks 17/prent 1</marc:subfield></marc:datafield><marc:datafield tag="500" ind1=" " ind2=" "><marc:subfield code="a">Links onderaan: &quot;Theodorus Galle excudit&quot;</marc:subfield></marc:datafield><marc:datafield tag="500" ind1=" " ind2=" "><marc:subfield code="a">New Hollstein, Collaert Dynasty, part III (p. 210-213) bevat geen vermelding van de editie uitgegeven door Theodoor Galle</marc:subfield></marc:datafield><marc:datafield tag="500" ind1=" " ind2=" "><marc:subfield code="a">Prent 1 van &apos;De twaalf apostelen met de geloofsbelijdenis&apos;. Reeks bestaat uit 4 gravures.</marc:subfield></marc:datafield><marc:datafield tag="540" ind1=" " ind2=" "><marc:subfield code="a">PDM-1.0</marc:subfield></marc:datafield><marc:datafield tag="591" ind1=" " ind2=" "><marc:subfield code="a">Bijzondere collecties</marc:subfield></marc:datafield><marc:datafield tag="650" ind1=" " ind2="7"><marc:subfield code="a">Bible, New Testament.</marc:subfield><marc:subfield code="2">UGENTSC</marc:subfield></marc:datafield><marc:datafield tag="655" ind1=" " ind2="7"><marc:subfield code="a">Graphic material.</marc:subfield><marc:subfield code="2">UGENTSC</marc:subfield></marc:datafield><marc:datafield tag="700" ind1="1" ind2=" "><marc:subfield code="a">Collaert, Adriaan,</marc:subfield><marc:subfield code="d">1560?-1616</marc:subfield><marc:subfield code="0">(viaf)100184256</marc:subfield><marc:subfield code="4">asn</marc:subfield></marc:datafield><marc:datafield tag="700" ind1="1" ind2=" "><marc:subfield code="a">Galle, Theodoor,</marc:subfield><marc:subfield code="d">1571-1633</marc:subfield><marc:subfield code="0">(viaf)51953651</marc:subfield><marc:subfield code="4">pbl</marc:subfield></marc:datafield><marc:datafield tag="773" ind1="1" ind2="8"><marc:subfield code="w">990031418980409161</marc:subfield><marc:subfield code="t">Deel 169 van verzamelband BIB.GOP.B1781</marc:subfield><marc:subfield code="g">pt:Deel 169: De apostelen Petrus, Andreas en Jakobus de Meerdere</marc:subfield><marc:subfield code="g">iss:169</marc:subfield></marc:datafield><marc:datafield tag="920" ind1=" " ind2=" "><marc:subfield code="a">image</marc:subfield></marc:datafield></marc:record>