<marc:record><marc:leader>01527nkm a2200325 a 4500</marc:leader><marc:controlfield tag="005">20250918121115.0</marc:controlfield><marc:controlfield tag="008">230823q19131962be ||| |     |r   k|dut|d</marc:controlfield><marc:controlfield tag="001">990036758070409161</marc:controlfield><marc:datafield tag="035" ind1=" " ind2=" "><marc:subfield code="a">(RUG01)003675807</marc:subfield></marc:datafield><marc:datafield tag="040" ind1=" " ind2=" "><marc:subfield code="a">BE-GnUNI</marc:subfield></marc:datafield><marc:datafield tag="245" ind1="0" ind2="0"><marc:subfield code="k">[postcard]</marc:subfield><marc:subfield code="a">Individueel studie- en slaapkamertje. Stedelijke Kostschool voor Juffrouwen, Pollepelstraat, 27, Gent.</marc:subfield></marc:datafield><marc:datafield tag="260" ind1=" " ind2=" "><marc:subfield code="a">Brussel :</marc:subfield><marc:subfield code="b">Nels-Thill,</marc:subfield><marc:subfield code="c">[ca. 1913-1962].</marc:subfield></marc:datafield><marc:datafield tag="300" ind1=" " ind2=" "><marc:subfield code="a">1 prentbriefkaart :</marc:subfield><marc:subfield code="b">zwart-wit, met gekartelde rand ;</marc:subfield><marc:subfield code="c">h 92 x b 140 mm.</marc:subfield></marc:datafield><marc:datafield tag="340" ind1=" " ind2=" "><marc:subfield code="a">Papier.</marc:subfield></marc:datafield><marc:datafield tag="500" ind1=" " ind2=" "><marc:subfield code="a">Merkteken Nels.</marc:subfield></marc:datafield><marc:datafield tag="500" ind1=" " ind2=" "><marc:subfield code="a">Merkteken Thill.</marc:subfield></marc:datafield><marc:datafield tag="500" ind1=" " ind2=" "><marc:subfield code="a">Stadsschool, aanvankelijk ontworpen door stadsarchitect Ch. Van Rysselberghe in 1880-1881 en bestaande uit drie gelijklopende gebouwen. Het voor- en middengebouw werden gesloopt in 1961 en vervangen door nieuwe gebouwen aan de Pollepelstraat.</marc:subfield></marc:datafield><marc:datafield tag="540" ind1=" " ind2=" "><marc:subfield code="a">INC</marc:subfield></marc:datafield><marc:datafield tag="541" ind1=" " ind2=" "><marc:subfield code="3">BIB.PKT.006738</marc:subfield><marc:subfield code="c">Aankoop</marc:subfield><marc:subfield code="a">Catawiki</marc:subfield><marc:subfield code="d">02/10/2019</marc:subfield></marc:datafield><marc:datafield tag="591" ind1=" " ind2=" "><marc:subfield code="a">Bijzondere collecties</marc:subfield></marc:datafield><marc:datafield tag="662" ind1=" " ind2=" "><marc:subfield code="a">België</marc:subfield><marc:subfield code="d">Gent</marc:subfield><marc:subfield code="f">Pollepelstraat</marc:subfield><marc:subfield code="f">Institut de Kerchove</marc:subfield><marc:subfield code="0">(bpost)9000</marc:subfield><marc:subfield code="0">(tgn)7007887</marc:subfield></marc:datafield><marc:datafield tag="650" ind1=" " ind2="7"><marc:subfield code="a">Architecture, Interiors.</marc:subfield><marc:subfield code="2">UGENTSC</marc:subfield></marc:datafield><marc:datafield tag="650" ind1=" " ind2="7"><marc:subfield code="a">Schools.</marc:subfield><marc:subfield code="2">UGENTSC</marc:subfield></marc:datafield><marc:datafield tag="651" ind1=" " ind2="7"><marc:subfield code="a">De Harp (Kerckhove Instituut)</marc:subfield><marc:subfield code="4">dpc</marc:subfield><marc:subfield code="2">UGENTGG</marc:subfield><marc:subfield code="0">(GentGemapt)ark:/87900/5009</marc:subfield></marc:datafield><marc:datafield tag="655" ind1=" " ind2="7"><marc:subfield code="a">Photographic postcards.</marc:subfield><marc:subfield code="2">UGENTSC</marc:subfield></marc:datafield><marc:datafield tag="655" ind1=" " ind2="7"><marc:subfield code="a">Postcards.</marc:subfield><marc:subfield code="2">UGENTSC</marc:subfield></marc:datafield><marc:datafield tag="700" ind1="1" ind2=" "><marc:subfield code="a">Nels, Edouard Joseph,</marc:subfield><marc:subfield code="d">1869-1925</marc:subfield><marc:subfield code="0">(viaf)314906943</marc:subfield></marc:datafield><marc:datafield tag="700" ind1="1" ind2=" "><marc:subfield code="a">Nels, Paul,</marc:subfield><marc:subfield code="d">1871-1940</marc:subfield><marc:subfield code="0">(viaf)314907198</marc:subfield></marc:datafield><marc:datafield tag="700" ind1="1" ind2=" "><marc:subfield code="a">Van Rysselberghe, Charles,</marc:subfield><marc:subfield code="d">1850-1920</marc:subfield><marc:subfield code="0">(viaf)5991154260747124480008</marc:subfield><marc:subfield code="4">arc</marc:subfield></marc:datafield><marc:datafield tag="920" ind1=" " ind2=" "><marc:subfield code="a">image</marc:subfield></marc:datafield></marc:record>