<marc:record><marc:leader>00000nam a22      a 4500</marc:leader><marc:controlfield tag="005">20250818120829.0</marc:controlfield><marc:controlfield tag="008">250616|1829||||be |||||r|||||||| ||fre|d</marc:controlfield><marc:controlfield tag="001">990036757970409161</marc:controlfield><marc:datafield tag="035" ind1=" " ind2=" "><marc:subfield code="a">(BE-GnUNI)003675797</marc:subfield></marc:datafield><marc:datafield tag="035" ind1=" " ind2=" "><marc:subfield code="a">(BE-GnUNI)003675797RUG01</marc:subfield></marc:datafield><marc:datafield tag="035" ind1=" " ind2=" "><marc:subfield code="a">(BKT01)000373931</marc:subfield></marc:datafield><marc:datafield tag="040" ind1=" " ind2=" "><marc:subfield code="a">BE-GnUNI</marc:subfield></marc:datafield><marc:datafield tag="245" ind1="0" ind2="0"><marc:subfield code="a">Catalogue de la belle collection d&apos;estampes en feuilles, groupes en terre cuite ... délaissés par feu M. Robert-Jean-Baptiste vanden Berghe :</marc:subfield><marc:subfield code="b">le Mercredi 29 Avril 1829 ... le Lundi 4 Mai 1829.</marc:subfield></marc:datafield><marc:datafield tag="260" ind1=" " ind2=" "><marc:subfield code="a">Gand :</marc:subfield><marc:subfield code="b">de Goesin-Verhaeghe,</marc:subfield><marc:subfield code="c">1829.</marc:subfield></marc:datafield><marc:datafield tag="300" ind1=" " ind2=" "><marc:subfield code="a">42 p. ; 8°.</marc:subfield></marc:datafield><marc:datafield tag="500" ind1=" " ind2=" "><marc:subfield code="a">BIB.G.010524/2 heeft op titelblad overplakte data (vente: le Mercredi 8 Avril 1829 ... le Lundi 13 Avril 1829) voor de rest identiek</marc:subfield></marc:datafield><marc:datafield tag="540" ind1=" " ind2=" "><marc:subfield code="a">NOC-NC</marc:subfield></marc:datafield><marc:datafield tag="591" ind1=" " ind2=" "><marc:subfield code="a">Europeana-GoogleBooks</marc:subfield></marc:datafield><marc:datafield tag="856" ind1="4" ind2=" "><marc:subfield code="u">https://books.google.be/books?vid=GENT900000159728</marc:subfield><marc:subfield code="3">Full text</marc:subfield><marc:subfield code="y">BIB.G.010524/2</marc:subfield></marc:datafield><marc:datafield tag="856" ind1="4" ind2=" "><marc:subfield code="u">https://books.google.be/books?vid=GENT900000159767</marc:subfield><marc:subfield code="3">Full text</marc:subfield><marc:subfield code="y">BIB.G.010530/3</marc:subfield></marc:datafield><marc:datafield tag="920" ind1=" " ind2=" "><marc:subfield code="a">book</marc:subfield></marc:datafield><marc:datafield tag="773" ind1="1" ind2="8"><marc:subfield code="w">990036757950409161</marc:subfield><marc:subfield code="t">Deel BIB.G.010524/2 van verzamelband BIB.G.010523/-13</marc:subfield><marc:subfield code="g">pt:Deel BIB.G.010524/2: Catalogue de la belle collection d&apos;estampes en feuilles, groupes en terre cuite ... délaissés par feu M. Robert-Jean-Baptiste vanden Berghe : le Mercredi 29 Avril 1829 ... le Lundi 4 Mai 1829.</marc:subfield><marc:subfield code="g">iss:02</marc:subfield></marc:datafield><marc:datafield tag="773" ind1="1" ind2="8"><marc:subfield code="w">990036759190409161</marc:subfield><marc:subfield code="t">Deel BIB.G.010530/3 van verzamelband BIB.G.010530/-5</marc:subfield><marc:subfield code="g">pt:Deel BIB.G.010530/3: Catalogue de la belle collection d&apos;estampes en feuilles, groupes en terre cuite ... délaissés par feu M. Robert-Jean-Baptiste vanden Berghe : le Mercredi 29 Avril 1829 ... le Lundi 4 Mai 1829.</marc:subfield><marc:subfield code="g">iss:04</marc:subfield></marc:datafield></marc:record>