<marc:record><marc:leader>00000nam a22      a 4500</marc:leader><marc:controlfield tag="005">20250811121204.0</marc:controlfield><marc:controlfield tag="008">250616|1827||||be |||||r|||||||| ||fre|d</marc:controlfield><marc:controlfield tag="001">990036757940409161</marc:controlfield><marc:datafield tag="035" ind1=" " ind2=" "><marc:subfield code="a">(BE-GnUNI)003675794</marc:subfield></marc:datafield><marc:datafield tag="035" ind1=" " ind2=" "><marc:subfield code="a">(BE-GnUNI)003675794RUG01</marc:subfield></marc:datafield><marc:datafield tag="035" ind1=" " ind2=" "><marc:subfield code="a">(BKT01)000373926</marc:subfield></marc:datafield><marc:datafield tag="040" ind1=" " ind2=" "><marc:subfield code="a">BE-GnUNI</marc:subfield></marc:datafield><marc:datafield tag="245" ind1="0" ind2="0"><marc:subfield code="a">Verzaemeling van boeken, handelende van gods- en rechtsgeleerdheyd, land- en reys beschryvingen, natuerlyke historien etc. ... :</marc:subfield><marc:subfield code="b">donderdag 10 mey 1827.</marc:subfield></marc:datafield><marc:datafield tag="260" ind1=" " ind2=" "><marc:subfield code="a">Gand :</marc:subfield><marc:subfield code="b">Vander Schelden,</marc:subfield><marc:subfield code="c">1827.</marc:subfield></marc:datafield><marc:datafield tag="300" ind1=" " ind2=" "><marc:subfield code="a">45 p.</marc:subfield></marc:datafield><marc:datafield tag="540" ind1=" " ind2=" "><marc:subfield code="a">NOC-NC</marc:subfield></marc:datafield><marc:datafield tag="591" ind1=" " ind2=" "><marc:subfield code="a">Europeana-GoogleBooks</marc:subfield></marc:datafield><marc:datafield tag="856" ind1="4" ind2=" "><marc:subfield code="u">https://books.google.be/books?vid=GENT900000128478</marc:subfield><marc:subfield code="3">Full text</marc:subfield><marc:subfield code="y">BIB.G.010523/4</marc:subfield></marc:datafield><marc:datafield tag="920" ind1=" " ind2=" "><marc:subfield code="a">book</marc:subfield></marc:datafield><marc:datafield tag="773" ind1="1" ind2="8"><marc:subfield code="w">990030508520409161</marc:subfield><marc:subfield code="t">Deel BIB.G.010523/4 van verzamelband BIB.G.010523/-13</marc:subfield><marc:subfield code="g">pt:Deel BIB.G.010523/4: Verzaemeling van boeken, handelende van gods- en rechtsgeleerdheyd, land- en reys beschryvingen, natuerlyke historien etc. ... : donderdag 10 mey 1827.</marc:subfield><marc:subfield code="g">iss:04</marc:subfield></marc:datafield></marc:record>