<marc:record><marc:leader>00000nam a22      a 4500</marc:leader><marc:controlfield tag="005">20250811120755.0</marc:controlfield><marc:controlfield tag="008">250616|1827||||be |||||r|||||||| ||fre|d</marc:controlfield><marc:controlfield tag="001">990036757930409161</marc:controlfield><marc:datafield tag="035" ind1=" " ind2=" "><marc:subfield code="a">(BE-GnUNI)003675793</marc:subfield></marc:datafield><marc:datafield tag="035" ind1=" " ind2=" "><marc:subfield code="a">(BE-GnUNI)003675793RUG01</marc:subfield></marc:datafield><marc:datafield tag="035" ind1=" " ind2=" "><marc:subfield code="a">(BKT01)000373923</marc:subfield></marc:datafield><marc:datafield tag="040" ind1=" " ind2=" "><marc:subfield code="a">BE-GnUNI</marc:subfield></marc:datafield><marc:datafield tag="245" ind1="0" ind2="0"><marc:subfield code="a">Catalogue d&apos;une belle collection de tableaux, parmi lesquels on distingue plusieurs chefs-d&apos;oeuvre des écoles flamande, hollandaise et française. Délaissés par feue M.elle Elisabeth Morel ... :</marc:subfield><marc:subfield code="b">mercredi le 7 février 1827.</marc:subfield></marc:datafield><marc:datafield tag="260" ind1=" " ind2=" "><marc:subfield code="a">Gand :</marc:subfield><marc:subfield code="b">Fernand,</marc:subfield><marc:subfield code="c">1827.</marc:subfield></marc:datafield><marc:datafield tag="300" ind1=" " ind2=" "><marc:subfield code="a">7 p.</marc:subfield></marc:datafield><marc:datafield tag="540" ind1=" " ind2=" "><marc:subfield code="a">NOC-NC</marc:subfield></marc:datafield><marc:datafield tag="591" ind1=" " ind2=" "><marc:subfield code="a">Europeana-GoogleBooks</marc:subfield></marc:datafield><marc:datafield tag="856" ind1="4" ind2=" "><marc:subfield code="u">https://books.google.be/books?vid=GENT900000128476</marc:subfield><marc:subfield code="3">Full text</marc:subfield><marc:subfield code="y">BIB.G.010523/2</marc:subfield></marc:datafield><marc:datafield tag="920" ind1=" " ind2=" "><marc:subfield code="a">book</marc:subfield></marc:datafield><marc:datafield tag="773" ind1="1" ind2="8"><marc:subfield code="w">990030508520409161</marc:subfield><marc:subfield code="t">Deel BIB.G.010523/2 van verzamelband BIB.G.010523/-13</marc:subfield><marc:subfield code="g">pt:Deel BIB.G.010523/2: Catalogue d&apos;une belle collection de tableaux, parmi lesquels on distingue plusieurs chefs-d&apos;oeuvre des écoles flamande, hollandaise et française. Délaissés par feue M.elle Elisabeth Morel ... : mercredi le 7 février 1827.</marc:subfield><marc:subfield code="g">iss:03</marc:subfield></marc:datafield></marc:record>