<marc:record><marc:leader>00000nam a22      a 4500</marc:leader><marc:controlfield tag="005">20250811120508.0</marc:controlfield><marc:controlfield tag="008">250616|1827||||be |||||r|||||||| ||fre|d</marc:controlfield><marc:controlfield tag="001">990036757920409161</marc:controlfield><marc:datafield tag="035" ind1=" " ind2=" "><marc:subfield code="a">(BE-GnUNI)003675792</marc:subfield></marc:datafield><marc:datafield tag="035" ind1=" " ind2=" "><marc:subfield code="a">(BE-GnUNI)003675792RUG01</marc:subfield></marc:datafield><marc:datafield tag="035" ind1=" " ind2=" "><marc:subfield code="a">(BKT01)000373929</marc:subfield></marc:datafield><marc:datafield tag="040" ind1=" " ind2=" "><marc:subfield code="a">BE-GnUNI</marc:subfield></marc:datafield><marc:datafield tag="245" ind1="0" ind2="0"><marc:subfield code="a">Catalogus van eene zeer fraaije verzameling boeken, zindelijk en nuttig in alle vakken van geleerdheid ... muzijk-werken en muzijk ... :</marc:subfield><marc:subfield code="b">maandag 26 en dingsgdag 27 november 1827.</marc:subfield></marc:datafield><marc:datafield tag="246" ind1="1" ind2="1"><marc:subfield code="a">Catalogue d&apos;une très-belle collection de livres, curieux et intéressans en toutes sortes des sciences ... oevres de musique et musique ...</marc:subfield></marc:datafield><marc:datafield tag="260" ind1=" " ind2=" "><marc:subfield code="a">Gand :</marc:subfield><marc:subfield code="b">Begyn,</marc:subfield><marc:subfield code="c">1827.</marc:subfield></marc:datafield><marc:datafield tag="300" ind1=" " ind2=" "><marc:subfield code="a">56 p.</marc:subfield></marc:datafield><marc:datafield tag="540" ind1=" " ind2=" "><marc:subfield code="a">NOC-NC</marc:subfield></marc:datafield><marc:datafield tag="591" ind1=" " ind2=" "><marc:subfield code="a">Europeana-GoogleBooks</marc:subfield></marc:datafield><marc:datafield tag="856" ind1="4" ind2=" "><marc:subfield code="u">https://books.google.be/books?vid=GENT900000128485</marc:subfield><marc:subfield code="3">Full text</marc:subfield><marc:subfield code="y">BIB.G.010523/11</marc:subfield></marc:datafield><marc:datafield tag="920" ind1=" " ind2=" "><marc:subfield code="a">book</marc:subfield></marc:datafield><marc:datafield tag="773" ind1="1" ind2="8"><marc:subfield code="w">990030508520409161</marc:subfield><marc:subfield code="t">Deel BIB.G.010523/11 van verzamelband BIB.G.010523/-13</marc:subfield><marc:subfield code="g">pt:Deel BIB.G.010523/11: Catalogus van eene zeer fraaije verzameling boeken, zindelijk en nuttig in alle vakken van geleerdheid ... muzijk-werken en muzijk ... : maandag 26 en dingsgdag 27 november 1827.</marc:subfield><marc:subfield code="g">iss:12</marc:subfield></marc:datafield></marc:record>