<marc:record><marc:leader>01435nkm a2200289 a 4500</marc:leader><marc:controlfield tag="005">20250918121117.0</marc:controlfield><marc:controlfield tag="008">250811|1774||||xx ||| |     |r   k|dut|d</marc:controlfield><marc:controlfield tag="001">990036757910409161</marc:controlfield><marc:datafield tag="035" ind1=" " ind2=" "><marc:subfield code="a">(RUG01)003675791</marc:subfield></marc:datafield><marc:datafield tag="040" ind1=" " ind2=" "><marc:subfield code="a">BE-GnUNI</marc:subfield></marc:datafield><marc:datafield tag="100" ind1="1" ind2=" "><marc:subfield code="a">Houbraken, Jacob,</marc:subfield><marc:subfield code="d">1698-1780</marc:subfield><marc:subfield code="0">(viaf)7659158</marc:subfield><marc:subfield code="4">egr</marc:subfield></marc:datafield><marc:datafield tag="245" ind1="1" ind2="0"><marc:subfield code="k">[print]</marc:subfield><marc:subfield code="a">Portret van Jan van Hout /</marc:subfield><marc:subfield code="c">Jacob Houbraken, naar Willem Isaacsz. van Swanenburg.</marc:subfield></marc:datafield><marc:datafield tag="246" ind1="2" ind2=" "><marc:subfield code="a">Jan van Hout, Secretaris der Stad Leyden. Geboren 14 Dec. MDXLII (titel op object)</marc:subfield></marc:datafield><marc:datafield tag="260" ind1=" " ind2=" "><marc:subfield code="a">Amsterdam :</marc:subfield><marc:subfield code="b">Pieter Meyer,</marc:subfield><marc:subfield code="c">1774.</marc:subfield></marc:datafield><marc:datafield tag="300" ind1=" " ind2=" "><marc:subfield code="a">1 prent :</marc:subfield><marc:subfield code="b">gravure en ets ;</marc:subfield><marc:subfield code="c">plaatrand h 182 x b 120 mm, bladrand h 281 x b 204 mm.</marc:subfield></marc:datafield><marc:datafield tag="340" ind1=" " ind2=" "><marc:subfield code="a">Papier.</marc:subfield></marc:datafield><marc:datafield tag="500" ind1=" " ind2=" "><marc:subfield code="3">BIB.GRA.009031</marc:subfield><marc:subfield code="a">Oud plaatsnummer PRT.H.079</marc:subfield></marc:datafield><marc:datafield tag="500" ind1=" " ind2=" "><marc:subfield code="a">&quot;J. Houbraken fec. naar de print van W. Swanenb. 1608&quot;</marc:subfield></marc:datafield><marc:datafield tag="500" ind1=" " ind2=" "><marc:subfield code="a">Buste van Jan van Hout in een ovaal. Het portret rust op een plint waarop zijn naam en gegevens in drie regels in het Nederlands</marc:subfield></marc:datafield><marc:datafield tag="500" ind1=" " ind2=" "><marc:subfield code="a">Prent gebruikt als illustratie in &quot;Het verheerlijkt Leyden...&quot; (Leiden: Coster, 1774) en &quot;Tooneelpoëzy van Nicolaas Simon van Winter, en Lucretia Wilhelmina van Merken&quot; (Amsterdam: Meijer, 1774)</marc:subfield></marc:datafield><marc:datafield tag="540" ind1=" " ind2=" "><marc:subfield code="a">PDM-1.0</marc:subfield></marc:datafield><marc:datafield tag="591" ind1=" " ind2=" "><marc:subfield code="a">Bijzondere collecties</marc:subfield></marc:datafield><marc:datafield tag="650" ind1=" " ind2="7"><marc:subfield code="a">Portraits.</marc:subfield><marc:subfield code="2">UGENTSC</marc:subfield></marc:datafield><marc:datafield tag="655" ind1=" " ind2="7"><marc:subfield code="a">Graphic material.</marc:subfield><marc:subfield code="2">UGENTSC</marc:subfield></marc:datafield><marc:datafield tag="700" ind1="1" ind2=" "><marc:subfield code="a">van Swanenburg, Willem Isaacsz.,</marc:subfield><marc:subfield code="d">1580?-1612</marc:subfield><marc:subfield code="0">(viaf)7773503</marc:subfield><marc:subfield code="4">ccp</marc:subfield></marc:datafield><marc:datafield tag="700" ind1="1" ind2=" "><marc:subfield code="a">Van Hout, Jan,</marc:subfield><marc:subfield code="d">1542-1609</marc:subfield><marc:subfield code="0">(viaf)7510235</marc:subfield><marc:subfield code="4">dpc</marc:subfield></marc:datafield><marc:datafield tag="920" ind1=" " ind2=" "><marc:subfield code="a">image</marc:subfield></marc:datafield></marc:record>