<marc:record><marc:leader>01090nkm a2200253 a 4500</marc:leader><marc:controlfield tag="005">20250918121123.0</marc:controlfield><marc:controlfield tag="008">250811|17921795xx ||| |     |r   k|dut|d</marc:controlfield><marc:controlfield tag="001">990036757880409161</marc:controlfield><marc:datafield tag="035" ind1=" " ind2=" "><marc:subfield code="a">(RUG01)003675788</marc:subfield></marc:datafield><marc:datafield tag="040" ind1=" " ind2=" "><marc:subfield code="a">BE-GnUNI</marc:subfield></marc:datafield><marc:datafield tag="100" ind1="1" ind2=" "><marc:subfield code="a">Snoek, Jeremias,</marc:subfield><marc:subfield code="d">active 1792-1795</marc:subfield><marc:subfield code="0">(viaf)</marc:subfield><marc:subfield code="4">egr</marc:subfield></marc:datafield><marc:datafield tag="245" ind1="1" ind2="0"><marc:subfield code="k">[print]</marc:subfield><marc:subfield code="a">Portret van Frederik Jozias van Saksen-Coburg-Saalfeld /</marc:subfield><marc:subfield code="c">Jeremias Snoek, naar C. Berger.</marc:subfield></marc:datafield><marc:datafield tag="260" ind1=" " ind2=" "><marc:subfield code="a">S.l. :</marc:subfield><marc:subfield code="b">A. Groenendijk,</marc:subfield><marc:subfield code="c">1792-1795.</marc:subfield></marc:datafield><marc:datafield tag="300" ind1=" " ind2=" "><marc:subfield code="a">1 prent :</marc:subfield><marc:subfield code="b">stippelgravure, ets ;</marc:subfield><marc:subfield code="c">plaatrand h 153 x b 83 mm, bladrand h 254 x b 195 mm.</marc:subfield></marc:datafield><marc:datafield tag="340" ind1=" " ind2=" "><marc:subfield code="a">Papier.</marc:subfield></marc:datafield><marc:datafield tag="500" ind1=" " ind2=" "><marc:subfield code="3">BIB.GRA.009029</marc:subfield><marc:subfield code="a">Oud plaatsnummer PRT.J.025</marc:subfield></marc:datafield><marc:datafield tag="500" ind1=" " ind2=" "><marc:subfield code="a">Onder portret naam en titels: &quot;Fredrik Josias, Prins van Saxen-Cobürg / Generaal-veld-marschalk [...]&quot; ; in de hoek rechtsonder: &quot;Proef-druk&quot;</marc:subfield></marc:datafield><marc:datafield tag="540" ind1=" " ind2=" "><marc:subfield code="a">PDM-1.0</marc:subfield></marc:datafield><marc:datafield tag="591" ind1=" " ind2=" "><marc:subfield code="a">Bijzondere collecties</marc:subfield></marc:datafield><marc:datafield tag="650" ind1=" " ind2="7"><marc:subfield code="a">Portraits.</marc:subfield><marc:subfield code="2">UGENTSC</marc:subfield></marc:datafield><marc:datafield tag="655" ind1=" " ind2="7"><marc:subfield code="a">Graphic material.</marc:subfield><marc:subfield code="2">UGENTSC</marc:subfield></marc:datafield><marc:datafield tag="700" ind1="1" ind2=" "><marc:subfield code="a">Berger, C.,</marc:subfield><marc:subfield code="d">active 18th century</marc:subfield><marc:subfield code="0">(viaf)</marc:subfield><marc:subfield code="4">ccp</marc:subfield></marc:datafield><marc:datafield tag="700" ind1="1" ind2=" "><marc:subfield code="a">van Saksen-Coburg-Saalfeld, Frederik Jozias,</marc:subfield><marc:subfield code="d">1737-1815</marc:subfield><marc:subfield code="0">(viaf)</marc:subfield><marc:subfield code="4">dpc</marc:subfield></marc:datafield><marc:datafield tag="920" ind1=" " ind2=" "><marc:subfield code="a">image</marc:subfield></marc:datafield></marc:record>