<marc:record><marc:leader>00894nkm a2200229 a 4500</marc:leader><marc:controlfield tag="005">20250918121124.0</marc:controlfield><marc:controlfield tag="008">250811|16001700xx ||| |     |r   k|lat|d</marc:controlfield><marc:controlfield tag="001">990036757810409161</marc:controlfield><marc:datafield tag="035" ind1=" " ind2=" "><marc:subfield code="a">(RUG01)003675781</marc:subfield></marc:datafield><marc:datafield tag="040" ind1=" " ind2=" "><marc:subfield code="a">BE-GnUNI</marc:subfield></marc:datafield><marc:datafield tag="245" ind1="0" ind2="0"><marc:subfield code="k">[print]</marc:subfield><marc:subfield code="a">Portret van Jan van Oostenrijk (1547-1578) /</marc:subfield><marc:subfield code="c">Anoniem [naar Dominicus Custos].</marc:subfield></marc:datafield><marc:datafield tag="260" ind1=" " ind2=" "><marc:subfield code="a">S.l. :</marc:subfield><marc:subfield code="b">s.n.,</marc:subfield><marc:subfield code="c">17e eeuw.</marc:subfield></marc:datafield><marc:datafield tag="300" ind1=" " ind2=" "><marc:subfield code="a">1 prent :</marc:subfield><marc:subfield code="b">gravure ;</marc:subfield><marc:subfield code="c">afbeelding ovaal h 93 x b 75 mm, bladrand h 93 x b 76 mm.</marc:subfield></marc:datafield><marc:datafield tag="340" ind1=" " ind2=" "><marc:subfield code="a">Papier.</marc:subfield></marc:datafield><marc:datafield tag="500" ind1=" " ind2=" "><marc:subfield code="3">BIB.GRA.009026</marc:subfield><marc:subfield code="a">Oud plaatsnummer PRT.J.027</marc:subfield></marc:datafield><marc:datafield tag="500" ind1=" " ind2=" "><marc:subfield code="a">Inscriptie in marge: &quot;Ioannes Avstriacvs Caroli V. F. Philippi Regis Catholici Nomine Apvd Belgas Gvbernator Et Capitanevs Generalis&quot;</marc:subfield></marc:datafield><marc:datafield tag="540" ind1=" " ind2=" "><marc:subfield code="a">PDM-1.0</marc:subfield></marc:datafield><marc:datafield tag="591" ind1=" " ind2=" "><marc:subfield code="a">Bijzondere collecties</marc:subfield></marc:datafield><marc:datafield tag="650" ind1=" " ind2="7"><marc:subfield code="a">Portraits.</marc:subfield><marc:subfield code="2">UGENTSC</marc:subfield></marc:datafield><marc:datafield tag="655" ind1=" " ind2="7"><marc:subfield code="a">Graphic material.</marc:subfield><marc:subfield code="2">UGENTSC</marc:subfield></marc:datafield><marc:datafield tag="700" ind1="1" ind2=" "><marc:subfield code="a">Jan van Oostenrijk,</marc:subfield><marc:subfield code="d">1547-1578</marc:subfield><marc:subfield code="0">(viaf)</marc:subfield><marc:subfield code="4">dpc</marc:subfield></marc:datafield><marc:datafield tag="920" ind1=" " ind2=" "><marc:subfield code="a">image</marc:subfield></marc:datafield></marc:record>