<marc:record><marc:leader>01177ntm a2200229 a 4500</marc:leader><marc:controlfield tag="005">20250917100821.0</marc:controlfield><marc:controlfield tag="008">231222|2025||||be |||||rm||||||| ||   |d</marc:controlfield><marc:controlfield tag="001">990036757750409161</marc:controlfield><marc:datafield tag="020" ind1=" " ind2=" "><marc:subfield code="a">9789463578813</marc:subfield></marc:datafield><marc:datafield tag="035" ind1=" " ind2=" "><marc:subfield code="a">(RUG01)003675775</marc:subfield></marc:datafield><marc:datafield tag="040" ind1=" " ind2=" "><marc:subfield code="a">BE-GnUNI</marc:subfield></marc:datafield><marc:datafield tag="100" ind1="1" ind2=" "><marc:subfield code="a">De Rouck, Sander,</marc:subfield><marc:subfield code="d">1997-</marc:subfield><marc:subfield code="0">(ugent)01505253</marc:subfield><marc:subfield code="0">(viaf)</marc:subfield></marc:datafield><marc:datafield tag="245" ind1="1" ind2="0"><marc:subfield code="a">The development of CRISPR-Cas9 as a useful technique for functional genetic research in the spider mite Tetranychus urticae and other difficult to transform arthropods /</marc:subfield><marc:subfield code="c">Sander De Rouck.</marc:subfield></marc:datafield><marc:datafield tag="246" ind1="2" ind2=" "><marc:subfield code="a">De ontwikkeling van CRISPR-Cas9 als een nuttige techniek voor functioneel genetisch onderzoek met despintmijt Tetranychus urticae en andere moeilijk te transformeren geleedpotigen</marc:subfield></marc:datafield><marc:datafield tag="260" ind1=" " ind2=" "><marc:subfield code="c">2025.</marc:subfield></marc:datafield><marc:datafield tag="300" ind1=" " ind2=" "><marc:subfield code="a">Vii, 191 p. : Ill.</marc:subfield></marc:datafield><marc:datafield tag="502" ind1=" " ind2=" "><marc:subfield code="a">Thesis submitted to Ghent University in partial fulfilment of the requirements for the degree of Doctor (PhD) of Bioscience Engineering</marc:subfield></marc:datafield><marc:datafield tag="710" ind1="2" ind2=" "><marc:subfield code="a">Ghent university</marc:subfield><marc:subfield code="b">Faculty of Bioscience Engineering</marc:subfield></marc:datafield><marc:datafield tag="700" ind1="1" ind2=" "><marc:subfield code="a">Van Leeuwen, Thomas,</marc:subfield><marc:subfield code="d">1976-</marc:subfield><marc:subfield code="0">(ugent)801001392918</marc:subfield><marc:subfield code="0">(viaf)</marc:subfield><marc:subfield code="e">promotor</marc:subfield></marc:datafield><marc:datafield tag="700" ind1="1" ind2=" "><marc:subfield code="a">Dermauw, Wannes,</marc:subfield><marc:subfield code="d">1982-</marc:subfield><marc:subfield code="0">(ugent)802000088144</marc:subfield><marc:subfield code="0">(viaf)</marc:subfield><marc:subfield code="e">promotor</marc:subfield></marc:datafield><marc:datafield tag="920" ind1=" " ind2=" "><marc:subfield code="a">phd</marc:subfield></marc:datafield><marc:datafield tag="922" ind1=" " ind2=" "><marc:subfield code="a">UGENT-BW</marc:subfield></marc:datafield></marc:record>