<marc:record><marc:leader>01210cam a2200289 i 4500</marc:leader><marc:controlfield tag="005">20251006112729.0</marc:controlfield><marc:controlfield tag="008">130716s2013    fr     |r|   |000 ||fre||</marc:controlfield><marc:controlfield tag="001">990036757740409161</marc:controlfield><marc:datafield tag="SID" ind1=" " ind2=" "><marc:subfield code="a">Z39</marc:subfield><marc:subfield code="b">32KUL_LIBIS_NETWORK</marc:subfield></marc:datafield><marc:datafield tag="020" ind1=" " ind2=" "><marc:subfield code="a">9782343011189</marc:subfield></marc:datafield><marc:datafield tag="035" ind1=" " ind2=" "><marc:subfield code="a">(RUG01)003675774</marc:subfield></marc:datafield><marc:datafield tag="035" ind1=" " ind2=" "><marc:subfield code="a">ocn853277026</marc:subfield></marc:datafield><marc:datafield tag="035" ind1=" " ind2=" "><marc:subfield code="a">(BeLVLBS)9993006768401471</marc:subfield></marc:datafield><marc:datafield tag="040" ind1=" " ind2=" "><marc:subfield code="a">DLC</marc:subfield><marc:subfield code="b">eng</marc:subfield><marc:subfield code="e">rda</marc:subfield></marc:datafield><marc:datafield tag="100" ind1="1" ind2=" "><marc:subfield code="a">Ekambo, Jean-Chretien D.</marc:subfield><marc:subfield code="q">(Jean-Chretien Duasenge),</marc:subfield><marc:subfield code="d">....-</marc:subfield><marc:subfield code="0">(viaf)2765748</marc:subfield></marc:datafield><marc:datafield tag="245" ind1="1" ind2="0"><marc:subfield code="a">Histoire du Congo RDC dans la presse :</marc:subfield><marc:subfield code="b">des origines à l&apos;indépendance /</marc:subfield><marc:subfield code="c">Jean-Chrétien D Ekambo ; préface d&apos;Isidore Ndaywel è Nziem.</marc:subfield></marc:datafield><marc:datafield tag="260" ind1=" " ind2=" "><marc:subfield code="a">Paris :</marc:subfield><marc:subfield code="b">L&apos;Harmattan,</marc:subfield><marc:subfield code="c">2013</marc:subfield></marc:datafield><marc:datafield tag="300" ind1=" " ind2=" "><marc:subfield code="a">424 p.</marc:subfield></marc:datafield><marc:datafield tag="490" ind1="0" ind2=" "><marc:subfield code="a">Comptes rendus</marc:subfield></marc:datafield><marc:datafield tag="504" ind1=" " ind2=" "><marc:subfield code="a">Includes bibliographical references (pages 419-424).</marc:subfield></marc:datafield><marc:datafield tag="650" ind1=" " ind2="0"><marc:subfield code="a">Government and the press</marc:subfield><marc:subfield code="x">History</marc:subfield><marc:subfield code="z">Congo (Democratic Republic)</marc:subfield></marc:datafield><marc:datafield tag="650" ind1=" " ind2="0"><marc:subfield code="a">Journalism</marc:subfield><marc:subfield code="x">Political aspects</marc:subfield><marc:subfield code="z">Congo (Democratic Republic)</marc:subfield></marc:datafield><marc:datafield tag="650" ind1=" " ind2="0"><marc:subfield code="a">Press and politics</marc:subfield><marc:subfield code="x">History</marc:subfield><marc:subfield code="z">Congo (Democratic Republic)</marc:subfield></marc:datafield><marc:datafield tag="650" ind1=" " ind2="0"><marc:subfield code="a">Press</marc:subfield><marc:subfield code="x">History</marc:subfield><marc:subfield code="z">Congo (Democratic Republic)</marc:subfield></marc:datafield><marc:datafield tag="651" ind1=" " ind2="0"><marc:subfield code="a">Congo (Democratic Republic)</marc:subfield><marc:subfield code="x">Politics and government.</marc:subfield></marc:datafield><marc:datafield tag="700" ind1="1" ind2=" "><marc:subfield code="a">Ndaywel è Nziem, Isidore,</marc:subfield><marc:subfield code="d">....-</marc:subfield><marc:subfield code="0">(viaf)</marc:subfield><marc:subfield code="e">writer of preface</marc:subfield></marc:datafield><marc:datafield tag="920" ind1=" " ind2=" "><marc:subfield code="a">book</marc:subfield></marc:datafield></marc:record>