<marc:record><marc:leader>00427nam a2200145 a 4500</marc:leader><marc:controlfield tag="005">20250918232117.0</marc:controlfield><marc:controlfield tag="008">250808|2025||||xx |||||r|||||||| ||dut|d</marc:controlfield><marc:controlfield tag="001">990036757640409161</marc:controlfield><marc:datafield tag="035" ind1=" " ind2=" "><marc:subfield code="a">(RUG01)003675764</marc:subfield></marc:datafield><marc:datafield tag="040" ind1=" " ind2=" "><marc:subfield code="a">BE-GnUNI</marc:subfield></marc:datafield><marc:datafield tag="100" ind1="1" ind2=" "><marc:subfield code="a">Vermeulen, Obe,</marc:subfield><marc:subfield code="d">....-</marc:subfield><marc:subfield code="0">(viaf)0</marc:subfield></marc:datafield><marc:datafield tag="245" ind1="1" ind2="0"><marc:subfield code="a">Van de aarde naar de maan :</marc:subfield><marc:subfield code="b">programmaboek /</marc:subfield><marc:subfield code="c">tekst: Obe Vermeulen.</marc:subfield></marc:datafield><marc:datafield tag="260" ind1=" " ind2=" "><marc:subfield code="a">S.l. :</marc:subfield><marc:subfield code="b">Obe Vermeulen,</marc:subfield><marc:subfield code="c">2025.</marc:subfield></marc:datafield><marc:datafield tag="300" ind1=" " ind2=" "><marc:subfield code="a">Ongepag.: ill.</marc:subfield></marc:datafield><marc:datafield tag="920" ind1=" " ind2=" "><marc:subfield code="a">book</marc:subfield></marc:datafield></marc:record>