<marc:record><marc:leader>03598nam a22004095i 4500</marc:leader><marc:controlfield tag="005">20251014160123.0</marc:controlfield><marc:controlfield tag="008">250702s2025    gw |   |r    |||| ||eng|d</marc:controlfield><marc:controlfield tag="001">990036757630409161</marc:controlfield><marc:datafield tag="SID" ind1=" " ind2=" "><marc:subfield code="a">Z39</marc:subfield><marc:subfield code="b">32KUL_LIBIS_NETWORK</marc:subfield></marc:datafield><marc:datafield tag="020" ind1=" " ind2=" "><marc:subfield code="a">9783658480271</marc:subfield></marc:datafield><marc:datafield tag="035" ind1=" " ind2=" "><marc:subfield code="a">(RUG01)003675763</marc:subfield></marc:datafield><marc:datafield tag="035" ind1=" " ind2=" "><marc:subfield code="a">(CKB)39542338900041</marc:subfield></marc:datafield><marc:datafield tag="035" ind1=" " ind2=" "><marc:subfield code="a">(MiAaPQ)EBC32189635</marc:subfield></marc:datafield><marc:datafield tag="035" ind1=" " ind2=" "><marc:subfield code="a">(Au-PeEL)EBL32189635</marc:subfield></marc:datafield><marc:datafield tag="035" ind1=" " ind2=" "><marc:subfield code="a">(DE-He213)978-3-658-48028-8</marc:subfield></marc:datafield><marc:datafield tag="035" ind1=" " ind2=" "><marc:subfield code="a">(EXLCZ)9939542338900041</marc:subfield></marc:datafield><marc:datafield tag="040" ind1=" " ind2=" "><marc:subfield code="a">MiAaPQ</marc:subfield><marc:subfield code="b">eng</marc:subfield><marc:subfield code="c">MiAaPQ</marc:subfield><marc:subfield code="d">MiAaPQ</marc:subfield><marc:subfield code="e">rda</marc:subfield><marc:subfield code="e">pn</marc:subfield></marc:datafield><marc:datafield tag="050" ind1=" " ind2="4"><marc:subfield code="a">H61-61.4</marc:subfield></marc:datafield><marc:datafield tag="072" ind1=" " ind2="7"><marc:subfield code="a">JHBA</marc:subfield><marc:subfield code="2">bicssc</marc:subfield></marc:datafield><marc:datafield tag="072" ind1=" " ind2="7"><marc:subfield code="a">SOC026040</marc:subfield><marc:subfield code="2">bisacsh</marc:subfield></marc:datafield><marc:datafield tag="072" ind1=" " ind2="7"><marc:subfield code="a">JHBA</marc:subfield><marc:subfield code="2">thema</marc:subfield></marc:datafield><marc:datafield tag="082" ind1="0" ind2="4"><marc:subfield code="a">300.1</marc:subfield><marc:subfield code="2">23</marc:subfield></marc:datafield><marc:datafield tag="245" ind1="0" ind2="0"><marc:subfield code="a">Evolutionary social sciences :</marc:subfield><marc:subfield code="b">a tour /</marc:subfield><marc:subfield code="c">Manfred Hammerl, Sascha Schwarz, Kai P. Willführ, editors</marc:subfield></marc:datafield><marc:datafield tag="250" ind1=" " ind2=" "><marc:subfield code="a">1st ed. 2025.</marc:subfield></marc:datafield><marc:datafield tag="260" ind1=" " ind2=" "><marc:subfield code="a">Wiesbaden :</marc:subfield><marc:subfield code="b">Springer,</marc:subfield><marc:subfield code="c">2025.</marc:subfield></marc:datafield><marc:datafield tag="264" ind1=" " ind2="1"><marc:subfield code="a">Wiesbaden :</marc:subfield><marc:subfield code="b">Springer,</marc:subfield><marc:subfield code="c">2025.</marc:subfield></marc:datafield><marc:datafield tag="300" ind1=" " ind2=" "><marc:subfield code="a">XX, 378 p.</marc:subfield></marc:datafield><marc:datafield tag="505" ind1="0" ind2=" "><marc:subfield code="a">Introduction -- Niche Construction in the Anthropocene: Elements of a Geo-Anthropological Synthesis -- On the Contribution of Genetically Informed Studies to the Explanation and Interpretation of Social Inequalities -- Challenges and Achievements of Evolutionary and Biosocial Approaches in Sociology -- Evolutionary Media Psychology -- Evolutionary Family Research -- Inclusive Fitness and Human Social Behavior -- What is Cultural Evolution, Actually? -- Evolutionary Game Theory, among Others.X</marc:subfield></marc:datafield><marc:datafield tag="520" ind1=" " ind2=" "><marc:subfield code="a">In many social science disciplines, the potential of Darwinian evolution theory has now been recognized, and this reception has often led to the emergence of new fields of research. For example, Evolutionary Psychology, Evolutionary Sociology, and Evolutionary Demography have established themselves as independent disciplines and can be summarized as Evolutionary Social Sciences. Selected concepts and application areas of the Evolutionary Social Sciences are addressed in this book. It invites readers on an interdisciplinary tour that spans disciplines such as psychology, sociology, family studies, behavioral genetics, demography, history, game theory, and archaeology. The book is divided into two parts. The first part includes contributions that provide an accessible introduction to the research fields and central concepts of the Evolutionary Social Sciences. The second part contains contributions that address specific questions from an evolutionary perspective. The target audience for the book includes social scientists and students who wish to engage with the evolutionary perspective in the social sciences. The Editors Manfred Hammerl is active as a social scientist in Graz. Sascha Schwarz is affiliated with the Bergische University Wuppertal. Kai P. Willführ is affiliated with the University of Oldenburg and Lund University. The translation was done with the help of artificial intelligence. A subsequent human revision was done primarily in terms of content. This book is a translation of an original German edition. The translation was done with the help of artificial intelligence (machine translation by the service DeepL.com). A subsequent human revision was done primarily in terms of content, so that the book will read stylistically differently from a conventional translation.</marc:subfield></marc:datafield><marc:datafield tag="650" ind1=" " ind2="0"><marc:subfield code="a">Knowledge, Sociology of.</marc:subfield></marc:datafield><marc:datafield tag="650" ind1=" " ind2="0"><marc:subfield code="a">Social sciences</marc:subfield><marc:subfield code="x">Philosophy.</marc:subfield></marc:datafield><marc:datafield tag="650" ind1=" " ind2="4"><marc:subfield code="a">Social Theory.</marc:subfield></marc:datafield><marc:datafield tag="650" ind1=" " ind2="4"><marc:subfield code="a">Sociology of Knowledge and Discourse.</marc:subfield></marc:datafield><marc:datafield tag="700" ind1="1" ind2=" "><marc:subfield code="a">Hammerl, Manfred.,</marc:subfield><marc:subfield code="d">....-</marc:subfield><marc:subfield code="0">(viaf)</marc:subfield></marc:datafield><marc:datafield tag="700" ind1="1" ind2=" "><marc:subfield code="a">Schwarz, Sascha.,</marc:subfield><marc:subfield code="d">....-</marc:subfield><marc:subfield code="0">(viaf)</marc:subfield></marc:datafield><marc:datafield tag="700" ind1="1" ind2=" "><marc:subfield code="a">Willführ, Kai P.,</marc:subfield><marc:subfield code="d">....-</marc:subfield><marc:subfield code="0">(viaf)</marc:subfield></marc:datafield><marc:datafield tag="920" ind1=" " ind2=" "><marc:subfield code="a">book</marc:subfield></marc:datafield></marc:record>