<marc:record><marc:leader>00803ntm a2200205 a 4500</marc:leader><marc:controlfield tag="005">20250918104526.0</marc:controlfield><marc:controlfield tag="008">250808|2025||||be |||||rm||||||| ||dut|d</marc:controlfield><marc:controlfield tag="001">990036757560409161</marc:controlfield><marc:datafield tag="035" ind1=" " ind2=" "><marc:subfield code="a">(RUG01)003675756</marc:subfield></marc:datafield><marc:datafield tag="040" ind1=" " ind2=" "><marc:subfield code="a">BE-GnUNI</marc:subfield></marc:datafield><marc:datafield tag="100" ind1="1" ind2=" "><marc:subfield code="a">Depoortere, Emiel,</marc:subfield><marc:subfield code="d">....-</marc:subfield><marc:subfield code="0">(viaf)</marc:subfield></marc:datafield><marc:datafield tag="245" ind1="1" ind2="3"><marc:subfield code="a">De Rupelstreek, vuilbak van de verstedelijking /</marc:subfield><marc:subfield code="c">Emiel Depoortere.</marc:subfield></marc:datafield><marc:datafield tag="260" ind1=" " ind2=" "><marc:subfield code="c">2025.</marc:subfield></marc:datafield><marc:datafield tag="300" ind1=" " ind2=" "><marc:subfield code="a">127 p.: ill. + brochure &apos;Stortroute&apos;.</marc:subfield></marc:datafield><marc:datafield tag="502" ind1=" " ind2=" "><marc:subfield code="a">Masterproef voorgelegd voor het behalen van de graad Master of Science in de Ingenieurswetenschappen: Architectuur</marc:subfield></marc:datafield><marc:datafield tag="700" ind1="1" ind2=" "><marc:subfield code="a">Broers, Tom,</marc:subfield><marc:subfield code="d">....-</marc:subfield><marc:subfield code="0">(viaf)</marc:subfield><marc:subfield code="e">promotor</marc:subfield></marc:datafield><marc:datafield tag="700" ind1="1" ind2=" "><marc:subfield code="a">Devlieger, Lionel,</marc:subfield><marc:subfield code="d">1972-</marc:subfield><marc:subfield code="0">(ugent)801001365434</marc:subfield><marc:subfield code="0">(viaf)287445199</marc:subfield><marc:subfield code="e">promotor</marc:subfield></marc:datafield><marc:datafield tag="710" ind1="2" ind2=" "><marc:subfield code="a">UGent</marc:subfield><marc:subfield code="b">Faculteit Ingenieurswetenschappen en Architectuur</marc:subfield></marc:datafield><marc:datafield tag="920" ind1=" " ind2=" "><marc:subfield code="a">master</marc:subfield></marc:datafield><marc:datafield tag="922" ind1=" " ind2=" "><marc:subfield code="a">UGENT-EA</marc:subfield></marc:datafield></marc:record>