<marc:record><marc:leader>00742ntm a2200193 a 4500</marc:leader><marc:controlfield tag="005">20250917100820.0</marc:controlfield><marc:controlfield tag="008">250808|2025||||be |||||rm||||||| ||dut|d</marc:controlfield><marc:controlfield tag="001">990036757520409161</marc:controlfield><marc:datafield tag="035" ind1=" " ind2=" "><marc:subfield code="a">(RUG01)003675752</marc:subfield></marc:datafield><marc:datafield tag="040" ind1=" " ind2=" "><marc:subfield code="a">BE-GnUNI</marc:subfield></marc:datafield><marc:datafield tag="100" ind1="1" ind2=" "><marc:subfield code="a">De Schryver, Max,</marc:subfield><marc:subfield code="d">1997-</marc:subfield><marc:subfield code="0">(ugent)01501401</marc:subfield><marc:subfield code="0">(viaf)</marc:subfield></marc:datafield><marc:datafield tag="245" ind1="1" ind2="0"><marc:subfield code="a">Rechterlijke regelgeving. Hoe de rechter via de rechtspraak vorm geeft aan de regels van rechtspleging uit het Belgisch burgerljk procesrecht /</marc:subfield><marc:subfield code="c">Max De Schryver.</marc:subfield></marc:datafield><marc:datafield tag="260" ind1=" " ind2=" "><marc:subfield code="c">2025.</marc:subfield></marc:datafield><marc:datafield tag="300" ind1=" " ind2=" "><marc:subfield code="a">502 bl.</marc:subfield></marc:datafield><marc:datafield tag="502" ind1=" " ind2=" "><marc:subfield code="a">Proefschrift neergelegd voor het behalen van de graad van doctor in de rechten</marc:subfield></marc:datafield><marc:datafield tag="518" ind1=" " ind2=" "><marc:subfield code="o">Verdediging</marc:subfield><marc:subfield code="d">21/02/2025</marc:subfield><marc:subfield code="p">Gent</marc:subfield></marc:datafield><marc:datafield tag="710" ind1="2" ind2=" "><marc:subfield code="a">Universiteit Gent.</marc:subfield><marc:subfield code="b">Faculteit Recht en Criminologie.</marc:subfield></marc:datafield><marc:datafield tag="920" ind1=" " ind2=" "><marc:subfield code="a">phd</marc:subfield></marc:datafield><marc:datafield tag="922" ind1=" " ind2=" "><marc:subfield code="a">UGENT-RE</marc:subfield></marc:datafield></marc:record>