<marc:record><marc:leader>00603nam a2200181 a 4500</marc:leader><marc:controlfield tag="005">20250918232116.0</marc:controlfield><marc:controlfield tag="008">250808|2025||||be |||||r|||||||| ||mul|d</marc:controlfield><marc:controlfield tag="001">990036757510409161</marc:controlfield><marc:datafield tag="035" ind1=" " ind2=" "><marc:subfield code="a">(RUG01)003675751</marc:subfield></marc:datafield><marc:datafield tag="040" ind1=" " ind2=" "><marc:subfield code="a">BE-GnUNI</marc:subfield></marc:datafield><marc:datafield tag="041" ind1="1" ind2=" "><marc:subfield code="a">dut</marc:subfield><marc:subfield code="a">eng</marc:subfield></marc:datafield><marc:datafield tag="100" ind1="1" ind2=" "><marc:subfield code="a">Verleyen, Herwig,</marc:subfield><marc:subfield code="d">1946-</marc:subfield><marc:subfield code="0">(viaf)265582938</marc:subfield></marc:datafield><marc:datafield tag="245" ind1="1" ind2="0"><marc:subfield code="a">Riet reeds (haiku&apos;s) /</marc:subfield><marc:subfield code="c">Herwig Verleyen; translated from Dutch by Marcus Cumberlege.</marc:subfield></marc:datafield><marc:datafield tag="260" ind1=" " ind2=" "><marc:subfield code="a">Brugge :</marc:subfield><marc:subfield code="b">Meyfroodt,</marc:subfield><marc:subfield code="c">2025.</marc:subfield></marc:datafield><marc:datafield tag="300" ind1=" " ind2=" "><marc:subfield code="a">Ongepag.</marc:subfield></marc:datafield><marc:datafield tag="541" ind1=" " ind2=" "><marc:subfield code="3">BIB.S.060472</marc:subfield><marc:subfield code="c">Schenking</marc:subfield><marc:subfield code="a">Meyfroodt, John</marc:subfield><marc:subfield code="d">22/07/2025</marc:subfield></marc:datafield><marc:datafield tag="700" ind1="1" ind2=" "><marc:subfield code="a">Cumberlege, Marcus,</marc:subfield><marc:subfield code="d">1938-2018</marc:subfield><marc:subfield code="0">(viaf)65248170</marc:subfield></marc:datafield><marc:datafield tag="920" ind1=" " ind2=" "><marc:subfield code="a">book</marc:subfield></marc:datafield></marc:record>