<marc:record><marc:leader>00916ntm a2200241 a 4500</marc:leader><marc:controlfield tag="005">20250917100818.0</marc:controlfield><marc:controlfield tag="008">250808|2025||||be |||||rm||||||| ||mul|d</marc:controlfield><marc:controlfield tag="001">990036757480409161</marc:controlfield><marc:datafield tag="035" ind1=" " ind2=" "><marc:subfield code="a">(RUG01)003675748</marc:subfield></marc:datafield><marc:datafield tag="035" ind1=" " ind2=" "><marc:subfield code="a">(BIBLIO)XXX</marc:subfield></marc:datafield><marc:datafield tag="040" ind1=" " ind2=" "><marc:subfield code="a">BE-GnUNI</marc:subfield></marc:datafield><marc:datafield tag="041" ind1="0" ind2=" "><marc:subfield code="a">eng</marc:subfield><marc:subfield code="a">dut</marc:subfield></marc:datafield><marc:datafield tag="100" ind1="1" ind2=" "><marc:subfield code="a">Van Bever, Josja,</marc:subfield><marc:subfield code="d">1996-</marc:subfield><marc:subfield code="0">(ugent)01407335</marc:subfield><marc:subfield code="0">(viaf)</marc:subfield></marc:datafield><marc:datafield tag="245" ind1="1" ind2="0"><marc:subfield code="a">Double hysteresis during reactive magnetron sputtering /</marc:subfield><marc:subfield code="c">Josja Van Bever.</marc:subfield></marc:datafield><marc:datafield tag="260" ind1=" " ind2=" "><marc:subfield code="c">2025.</marc:subfield></marc:datafield><marc:datafield tag="300" ind1=" " ind2=" "><marc:subfield code="a">XIV, 217 p.: ill.</marc:subfield></marc:datafield><marc:datafield tag="502" ind1=" " ind2=" "><marc:subfield code="a">Proefschrift tot het bekomen van de graad van Doctor in de Wetenschappen: Fysica</marc:subfield></marc:datafield><marc:datafield tag="546" ind1=" " ind2=" "><marc:subfield code="a">Met samenvatting in het Nederlands</marc:subfield></marc:datafield><marc:datafield tag="700" ind1="1" ind2=" "><marc:subfield code="a">Depla, Diederik,</marc:subfield><marc:subfield code="d">1968-</marc:subfield><marc:subfield code="0">(ugent)801000794851</marc:subfield><marc:subfield code="0">(viaf)46293270</marc:subfield><marc:subfield code="e">promotor</marc:subfield></marc:datafield><marc:datafield tag="700" ind1="1" ind2=" "><marc:subfield code="a">Strijckmans, Koen,</marc:subfield><marc:subfield code="d">1986-</marc:subfield><marc:subfield code="0">(ugent)802000620533</marc:subfield><marc:subfield code="0">(viaf)</marc:subfield><marc:subfield code="e">promotor</marc:subfield></marc:datafield><marc:datafield tag="710" ind1="2" ind2=" "><marc:subfield code="a">Universiteit Gent</marc:subfield><marc:subfield code="b">Faculteit Wetenschappen</marc:subfield><marc:subfield code="b">Vakgroep Vastestofwetenschappen</marc:subfield></marc:datafield><marc:datafield tag="920" ind1=" " ind2=" "><marc:subfield code="a">phd</marc:subfield></marc:datafield><marc:datafield tag="922" ind1=" " ind2=" "><marc:subfield code="a">UGENT-WE</marc:subfield></marc:datafield></marc:record>