<marc:record><marc:leader>00000nam a22      a 4500</marc:leader><marc:controlfield tag="005">20250808094555.0</marc:controlfield><marc:controlfield tag="008">050322s1732    ne     |r    |000 ||dut|d</marc:controlfield><marc:controlfield tag="001">990036757470409161</marc:controlfield><marc:datafield tag="035" ind1=" " ind2=" "><marc:subfield code="a">(BE-GnUNI)003675747</marc:subfield></marc:datafield><marc:datafield tag="035" ind1=" " ind2=" "><marc:subfield code="a">(BE-GnUNI)003675747RUG01</marc:subfield></marc:datafield><marc:datafield tag="035" ind1=" " ind2=" "><marc:subfield code="a">(BKT01)000009822</marc:subfield></marc:datafield><marc:datafield tag="040" ind1=" " ind2=" "><marc:subfield code="a">BE-GnUNI</marc:subfield></marc:datafield><marc:datafield tag="100" ind1="1" ind2=" "><marc:subfield code="a">Huydecoper, Balthasar,</marc:subfield><marc:subfield code="d">1695-1778</marc:subfield><marc:subfield code="0">(viaf)47013386</marc:subfield></marc:datafield><marc:datafield tag="245" ind1="1" ind2="0"><marc:subfield code="a">Arzases, of &apos;t Edelmoedig verraad :</marc:subfield><marc:subfield code="b">treurspel.</marc:subfield></marc:datafield><marc:datafield tag="250" ind1=" " ind2=" "><marc:subfield code="a">Tweede druk</marc:subfield></marc:datafield><marc:datafield tag="260" ind1=" " ind2=" "><marc:subfield code="a">t&apos;Amsteldam :</marc:subfield><marc:subfield code="b">By David Ruarus,</marc:subfield><marc:subfield code="c">1732.</marc:subfield></marc:datafield><marc:datafield tag="300" ind1=" " ind2=" "><marc:subfield code="a">69, [2] ; 8°.</marc:subfield></marc:datafield><marc:datafield tag="540" ind1=" " ind2=" "><marc:subfield code="a">NOC-NC</marc:subfield></marc:datafield><marc:datafield tag="591" ind1=" " ind2=" "><marc:subfield code="a">Europeana-GoogleBooks</marc:subfield></marc:datafield><marc:datafield tag="700" ind1="1" ind2=" "><marc:subfield code="a">Ruarus, David,</marc:subfield><marc:subfield code="b">II,</marc:subfield><marc:subfield code="d">active 1717-1733</marc:subfield><marc:subfield code="0">(viaf)0</marc:subfield><marc:subfield code="4">pbl</marc:subfield></marc:datafield><marc:datafield tag="856" ind1="4" ind2=" "><marc:subfield code="u">https://books.google.be/books?vid=GENT900000051159</marc:subfield><marc:subfield code="3">Full text</marc:subfield><marc:subfield code="y">BIB.HER.002354/2</marc:subfield></marc:datafield><marc:datafield tag="920" ind1=" " ind2=" "><marc:subfield code="a">book</marc:subfield></marc:datafield><marc:datafield tag="773" ind1="1" ind2="8"><marc:subfield code="w">990036757440409161</marc:subfield><marc:subfield code="t">Deel BIB.HER.002354/2 van verzamelband BIB.HER.002354/-5</marc:subfield><marc:subfield code="g">pt:Deel BIB.HER.002354/2: Arzases, of &apos;t Edelmoedig verraad : treurspel.</marc:subfield><marc:subfield code="g">iss:03</marc:subfield></marc:datafield></marc:record>