<marc:record><marc:leader>00000nam a22      a 4500</marc:leader><marc:controlfield tag="005">20250808094210.0</marc:controlfield><marc:controlfield tag="008">050322s1687    ne     |r    |000 ||dut|d</marc:controlfield><marc:controlfield tag="001">990036757460409161</marc:controlfield><marc:datafield tag="035" ind1=" " ind2=" "><marc:subfield code="a">(BE-GnUNI)003675746</marc:subfield></marc:datafield><marc:datafield tag="035" ind1=" " ind2=" "><marc:subfield code="a">(BE-GnUNI)003675746RUG01</marc:subfield></marc:datafield><marc:datafield tag="035" ind1=" " ind2=" "><marc:subfield code="a">(BKT01)000191021</marc:subfield></marc:datafield><marc:datafield tag="040" ind1=" " ind2=" "><marc:subfield code="a">BE-GnUNI</marc:subfield></marc:datafield><marc:datafield tag="041" ind1="1" ind2=" "><marc:subfield code="a">dut</marc:subfield><marc:subfield code="h">fre</marc:subfield></marc:datafield><marc:datafield tag="100" ind1="1" ind2=" "><marc:subfield code="a">Quinault, Philippe,</marc:subfield><marc:subfield code="d">1635-1688</marc:subfield><marc:subfield code="0">(viaf)61556388</marc:subfield></marc:datafield><marc:datafield tag="245" ind1="1" ind2="0"><marc:subfield code="a">Amadis :</marc:subfield><marc:subfield code="b">treur-spel in maatzang /</marc:subfield><marc:subfield code="c">[Philippe Quinault ; vertaald door Thomas Arends].</marc:subfield></marc:datafield><marc:datafield tag="260" ind1=" " ind2=" "><marc:subfield code="a">t&apos;Amsterdam :</marc:subfield><marc:subfield code="b">By Albert Magnus,</marc:subfield><marc:subfield code="c">1687.</marc:subfield></marc:datafield><marc:datafield tag="300" ind1=" " ind2=" "><marc:subfield code="a">68 p. ; 8°.</marc:subfield></marc:datafield><marc:datafield tag="540" ind1=" " ind2=" "><marc:subfield code="a">NOC-NC</marc:subfield></marc:datafield><marc:datafield tag="591" ind1=" " ind2=" "><marc:subfield code="a">Europeana-GoogleBooks</marc:subfield></marc:datafield><marc:datafield tag="700" ind1="1" ind2=" "><marc:subfield code="a">Arends, Thomas,</marc:subfield><marc:subfield code="d">1652-1701</marc:subfield><marc:subfield code="0">(viaf)2458465</marc:subfield><marc:subfield code="4">trl</marc:subfield></marc:datafield><marc:datafield tag="700" ind1="1" ind2=" "><marc:subfield code="a">Magnus, Albertus,</marc:subfield><marc:subfield code="d">active 1677-1689</marc:subfield><marc:subfield code="0">(viaf)0</marc:subfield><marc:subfield code="4">prt</marc:subfield></marc:datafield><marc:datafield tag="856" ind1="4" ind2=" "><marc:subfield code="u">https://books.google.be/books?vid=GENT900000051158</marc:subfield><marc:subfield code="3">Full text</marc:subfield><marc:subfield code="y">BIB.HER.002354/1</marc:subfield></marc:datafield><marc:datafield tag="920" ind1=" " ind2=" "><marc:subfield code="a">book</marc:subfield></marc:datafield><marc:datafield tag="773" ind1="1" ind2="8"><marc:subfield code="w">990036757440409161</marc:subfield><marc:subfield code="t">Deel BIB.HER.002354/1 van verzamelband BIB.HER.002354/-5</marc:subfield><marc:subfield code="g">pt:Deel BIB.HER.002354/1: Amadis : treur-spel in maatzang</marc:subfield><marc:subfield code="g">iss:02</marc:subfield></marc:datafield></marc:record>