<marc:record><marc:leader>00000nam a22      a 4500</marc:leader><marc:controlfield tag="005">20250808092740.0</marc:controlfield><marc:controlfield tag="008">050322s1685    ne     |r    |000 ||dut|d</marc:controlfield><marc:controlfield tag="001">990036757430409161</marc:controlfield><marc:datafield tag="035" ind1=" " ind2=" "><marc:subfield code="a">(BE-GnUNI)003675743</marc:subfield></marc:datafield><marc:datafield tag="035" ind1=" " ind2=" "><marc:subfield code="a">(BE-GnUNI)003675743RUG01</marc:subfield></marc:datafield><marc:datafield tag="035" ind1=" " ind2=" "><marc:subfield code="a">(BKT01)000010027</marc:subfield></marc:datafield><marc:datafield tag="040" ind1=" " ind2=" "><marc:subfield code="a">BE-GnUNI</marc:subfield></marc:datafield><marc:datafield tag="100" ind1="1" ind2=" "><marc:subfield code="a">Asselyn, Thomas,</marc:subfield><marc:subfield code="d">1620-1701</marc:subfield><marc:subfield code="0">(viaf)2459019</marc:subfield></marc:datafield><marc:datafield tag="245" ind1="1" ind2="0"><marc:subfield code="a">Echtscheiding van Jan Klaasz. en Saartje Jans. :</marc:subfield><marc:subfield code="b">Bly-spel.</marc:subfield></marc:datafield><marc:datafield tag="260" ind1=" " ind2=" "><marc:subfield code="a">t&apos;Amsterdam :</marc:subfield><marc:subfield code="b">By d&apos;Erfgenamen van Jacob Lescailje,</marc:subfield><marc:subfield code="c">1685.</marc:subfield></marc:datafield><marc:datafield tag="300" ind1=" " ind2=" "><marc:subfield code="a">52 p.</marc:subfield></marc:datafield><marc:datafield tag="540" ind1=" " ind2=" "><marc:subfield code="a">NOC-NC</marc:subfield></marc:datafield><marc:datafield tag="591" ind1=" " ind2=" "><marc:subfield code="a">Europeana-GoogleBooks</marc:subfield></marc:datafield><marc:datafield tag="700" ind1="1" ind2=" "><marc:subfield code="a">Lescaille, Jacob,</marc:subfield><marc:subfield code="c">Heirs,</marc:subfield><marc:subfield code="d">active 1679-1732</marc:subfield><marc:subfield code="0">(viaf)73911061</marc:subfield><marc:subfield code="4">prt</marc:subfield></marc:datafield><marc:datafield tag="856" ind1="4" ind2=" "><marc:subfield code="u">https://books.google.be/books?vid=GENT900000174302</marc:subfield><marc:subfield code="3">Full text</marc:subfield><marc:subfield code="y">BIB.HER.002353/3</marc:subfield></marc:datafield><marc:datafield tag="920" ind1=" " ind2=" "><marc:subfield code="a">book</marc:subfield></marc:datafield><marc:datafield tag="773" ind1="1" ind2="8"><marc:subfield code="w">990036757390409161</marc:subfield><marc:subfield code="t">Deel BIB.HER.002353/3 van verzamelband BIB.HER.002353/-4</marc:subfield><marc:subfield code="g">pt:Deel BIB.HER.002353/3: Echtscheiding van Jan Klaasz. en Saartje Jans. : Bly-spel.</marc:subfield><marc:subfield code="g">iss:04</marc:subfield></marc:datafield></marc:record>