<marc:record><marc:leader>00000nam a22      u 4500</marc:leader><marc:controlfield tag="005">20250808091600.0</marc:controlfield><marc:controlfield tag="008">080922s1682    ne     |r    |000 ||dut|d</marc:controlfield><marc:controlfield tag="001">990036757400409161</marc:controlfield><marc:datafield tag="035" ind1=" " ind2=" "><marc:subfield code="a">(BE-GnUNI)003675740</marc:subfield></marc:datafield><marc:datafield tag="035" ind1=" " ind2=" "><marc:subfield code="a">(BE-GnUNI)003675740RUG01</marc:subfield></marc:datafield><marc:datafield tag="035" ind1=" " ind2=" "><marc:subfield code="a">(BKT01)000311535</marc:subfield></marc:datafield><marc:datafield tag="040" ind1=" " ind2=" "><marc:subfield code="a">BE-GnUNI</marc:subfield></marc:datafield><marc:datafield tag="100" ind1="1" ind2=" "><marc:subfield code="a">Asselyn, Thomas,</marc:subfield><marc:subfield code="d">1620-1701</marc:subfield><marc:subfield code="0">(viaf)2459019</marc:subfield></marc:datafield><marc:datafield tag="245" ind1="1" ind2="0"><marc:subfield code="a">Jan Claesz :</marc:subfield><marc:subfield code="b">Blyspel. Nevens de samen-spraack en antwoort op de Samenspraak, en Kristalyne bril; eindelijk verdrag of vrede-schrift.</marc:subfield></marc:datafield><marc:datafield tag="250" ind1=" " ind2=" "><marc:subfield code="a">Deze laatste Druk vermeerdert en verbetert</marc:subfield></marc:datafield><marc:datafield tag="260" ind1=" " ind2=" "><marc:subfield code="a">[Amsterdam] :</marc:subfield><marc:subfield code="b">s.n.,</marc:subfield><marc:subfield code="c">1682.</marc:subfield></marc:datafield><marc:datafield tag="300" ind1=" " ind2=" "><marc:subfield code="a">87 p.: front ; 8°.</marc:subfield></marc:datafield><marc:datafield tag="540" ind1=" " ind2=" "><marc:subfield code="a">NOC-NC</marc:subfield></marc:datafield><marc:datafield tag="591" ind1=" " ind2=" "><marc:subfield code="a">Europeana-GoogleBooks</marc:subfield></marc:datafield><marc:datafield tag="856" ind1="4" ind2=" "><marc:subfield code="u">https://books.google.be/books?vid=GENT900000174304</marc:subfield><marc:subfield code="3">Full text</marc:subfield><marc:subfield code="y">BIB.HER.002353</marc:subfield></marc:datafield><marc:datafield tag="920" ind1=" " ind2=" "><marc:subfield code="a">book</marc:subfield></marc:datafield><marc:datafield tag="773" ind1="1" ind2="8"><marc:subfield code="w">990036757390409161</marc:subfield><marc:subfield code="t">Deel BIB.HER.002353 van verzamelband BIB.HER.002353/-4</marc:subfield><marc:subfield code="g">pt:Deel BIB.HER.002353: Jan Claesz : Blyspel. Nevens de samen-spraack en antwoort op de Samenspraak, en Kristalyne bril; eindelijk verdrag of vrede-schrift</marc:subfield><marc:subfield code="g">iss:01</marc:subfield></marc:datafield></marc:record>