<marc:record><marc:leader>00000nam a22      a 4500</marc:leader><marc:controlfield tag="005">20250808085928.0</marc:controlfield><marc:controlfield tag="008">050322s1654    ne     |r    |000 ||dut|d</marc:controlfield><marc:controlfield tag="001">990036757380409161</marc:controlfield><marc:datafield tag="035" ind1=" " ind2=" "><marc:subfield code="a">(BE-GnUNI)003675738</marc:subfield></marc:datafield><marc:datafield tag="035" ind1=" " ind2=" "><marc:subfield code="a">(BE-GnUNI)003675738RUG01</marc:subfield></marc:datafield><marc:datafield tag="035" ind1=" " ind2=" "><marc:subfield code="a">(BKT01)000010022</marc:subfield></marc:datafield><marc:datafield tag="040" ind1=" " ind2=" "><marc:subfield code="a">BE-GnUNI</marc:subfield></marc:datafield><marc:datafield tag="100" ind1="1" ind2=" "><marc:subfield code="a">Asselyn, Thomas,</marc:subfield><marc:subfield code="d">1620-1701</marc:subfield><marc:subfield code="0">(viaf)2459019</marc:subfield></marc:datafield><marc:datafield tag="245" ind1="1" ind2="0"><marc:subfield code="a">Broederschap der schilderkunst, ingewydt door de schilders, beeldthouwers en des zelfs begunstigers, op den 21 van Wynmaent 1645 op St Joris-Doelen, in Amsterdam.</marc:subfield></marc:datafield><marc:datafield tag="260" ind1=" " ind2=" "><marc:subfield code="a">t&apos;Aemstel-dam :</marc:subfield><marc:subfield code="b">Voor Jakob Vinkel,</marc:subfield><marc:subfield code="c">1654.</marc:subfield><marc:subfield code="e">t&apos;Aemstel-dam</marc:subfield><marc:subfield code="f">Ter Drukkerye van Kornelis de Bruin</marc:subfield></marc:datafield><marc:datafield tag="300" ind1=" " ind2=" "><marc:subfield code="a">Ongepag. ; 8°.</marc:subfield></marc:datafield><marc:datafield tag="540" ind1=" " ind2=" "><marc:subfield code="a">NOC-NC</marc:subfield></marc:datafield><marc:datafield tag="591" ind1=" " ind2=" "><marc:subfield code="a">Europeana-GoogleBooks</marc:subfield></marc:datafield><marc:datafield tag="700" ind1="1" ind2=" "><marc:subfield code="a">Vinckel, Jacob,</marc:subfield><marc:subfield code="d">active 1654-1677</marc:subfield><marc:subfield code="0">(viaf)304950100</marc:subfield><marc:subfield code="4">pbl</marc:subfield></marc:datafield><marc:datafield tag="700" ind1="1" ind2=" "><marc:subfield code="a">de Bruyn, Cornelis,</marc:subfield><marc:subfield code="d">active 1653-1662</marc:subfield><marc:subfield code="0">(viaf)1526159234726903372427</marc:subfield><marc:subfield code="4">prt</marc:subfield></marc:datafield><marc:datafield tag="856" ind1="4" ind2=" "><marc:subfield code="u">https://books.google.be/books?vid=GENT900000051156</marc:subfield><marc:subfield code="3">Full text</marc:subfield><marc:subfield code="y">BIB.HER.002352/7</marc:subfield></marc:datafield><marc:datafield tag="920" ind1=" " ind2=" "><marc:subfield code="a">book</marc:subfield></marc:datafield><marc:datafield tag="773" ind1="1" ind2="8"><marc:subfield code="w">990036757290409161</marc:subfield><marc:subfield code="t">Deel BIB.HER.002352/7 van verzamelband BIB.HER.002352/-7</marc:subfield><marc:subfield code="g">pt:Deel BIB.HER.002352/7: Broederschap der schilderkunst, ingewydt door de schilders, beeldthouwers en des zelfs begunstigers, op den 21 van Wynmaent 1645 op St Joris-Doelen, in Amsterdam.</marc:subfield><marc:subfield code="g">iss:08</marc:subfield></marc:datafield></marc:record>