<marc:record><marc:leader>00693aam a2200217   4500</marc:leader><marc:controlfield tag="005">20250923153737.0</marc:controlfield><marc:controlfield tag="008">250702s2025    be     |r    |||| ||dut||</marc:controlfield><marc:controlfield tag="001">990036757350409161</marc:controlfield><marc:datafield tag="SID" ind1=" " ind2=" "><marc:subfield code="a">Z39</marc:subfield><marc:subfield code="b">NOMUSIC</marc:subfield></marc:datafield><marc:datafield tag="020" ind1=" " ind2=" "><marc:subfield code="a">9789493443518</marc:subfield><marc:subfield code="q">paperback</marc:subfield></marc:datafield><marc:datafield tag="035" ind1=" " ind2=" "><marc:subfield code="a">(RUG01)003675735</marc:subfield></marc:datafield><marc:datafield tag="035" ind1=" " ind2=" "><marc:subfield code="a">9789493443518</marc:subfield></marc:datafield><marc:datafield tag="035" ind1=" " ind2=" "><marc:subfield code="a">BBA000504238</marc:subfield></marc:datafield><marc:datafield tag="040" ind1=" " ind2=" "><marc:subfield code="a">BoekenBank</marc:subfield><marc:subfield code="b">dut</marc:subfield><marc:subfield code="c">Open Vlacc</marc:subfield></marc:datafield><marc:datafield tag="100" ind1="1" ind2=" "><marc:subfield code="a">Richelieu van Londersele, Roel,</marc:subfield><marc:subfield code="d">....-</marc:subfield><marc:subfield code="0">(viaf)</marc:subfield></marc:datafield><marc:datafield tag="245" ind1="1" ind2="3"><marc:subfield code="a">De geheimen van de literatuur :</marc:subfield><marc:subfield code="b">mijn wilde jaren met onze grote schrijvers /</marc:subfield><marc:subfield code="c">Roel Richelieu van Londersele</marc:subfield></marc:datafield><marc:datafield tag="260" ind1=" " ind2=" "><marc:subfield code="a">Gent :</marc:subfield><marc:subfield code="b">Borgerhoff &amp; Lamberigts,</marc:subfield><marc:subfield code="c">2025.</marc:subfield></marc:datafield><marc:datafield tag="263" ind1=" " ind2=" "><marc:subfield code="a">08-08-2025</marc:subfield></marc:datafield><marc:datafield tag="300" ind1=" " ind2=" "><marc:subfield code="a">242 p.: ill.</marc:subfield></marc:datafield><marc:datafield tag="365" ind1=" " ind2=" "><marc:subfield code="b">22.99</marc:subfield><marc:subfield code="c">EUR</marc:subfield></marc:datafield><marc:datafield tag="920" ind1=" " ind2=" "><marc:subfield code="a">book</marc:subfield></marc:datafield></marc:record>