<marc:record><marc:leader>00000nam a22      u 4500</marc:leader><marc:controlfield tag="005">20250808083713.0</marc:controlfield><marc:controlfield tag="008">080922s1690    ne     |r    |000 ||dut|d</marc:controlfield><marc:controlfield tag="001">990036757310409161</marc:controlfield><marc:datafield tag="035" ind1=" " ind2=" "><marc:subfield code="a">(BE-GnUNI)003675731</marc:subfield></marc:datafield><marc:datafield tag="035" ind1=" " ind2=" "><marc:subfield code="a">(BE-GnUNI)003675731RUG01</marc:subfield></marc:datafield><marc:datafield tag="035" ind1=" " ind2=" "><marc:subfield code="a">(BKT01)000311530</marc:subfield></marc:datafield><marc:datafield tag="040" ind1=" " ind2=" "><marc:subfield code="a">BE-GnUNI</marc:subfield></marc:datafield><marc:datafield tag="100" ind1="1" ind2=" "><marc:subfield code="a">Asselyn, Thomas,</marc:subfield><marc:subfield code="d">1620-1701</marc:subfield><marc:subfield code="0">(viaf)2459019</marc:subfield></marc:datafield><marc:datafield tag="245" ind1="1" ind2="3"><marc:subfield code="a">De stiefvaar :</marc:subfield><marc:subfield code="b">blyspel /</marc:subfield><marc:subfield code="c">door T. Asselyn.</marc:subfield></marc:datafield><marc:datafield tag="260" ind1=" " ind2=" "><marc:subfield code="a">t&apos;Amsterdam :</marc:subfield><marc:subfield code="b">By d&apos;Erfgen. J. Lescailje,</marc:subfield><marc:subfield code="c">1690.</marc:subfield></marc:datafield><marc:datafield tag="300" ind1=" " ind2=" "><marc:subfield code="a">46 p. ; 8°.</marc:subfield></marc:datafield><marc:datafield tag="540" ind1=" " ind2=" "><marc:subfield code="a">NOC-NC</marc:subfield></marc:datafield><marc:datafield tag="591" ind1=" " ind2=" "><marc:subfield code="a">Europeana-GoogleBooks</marc:subfield></marc:datafield><marc:datafield tag="700" ind1="1" ind2=" "><marc:subfield code="a">Lescaille, Jacob,</marc:subfield><marc:subfield code="c">Heirs,</marc:subfield><marc:subfield code="d">active 1679-1732</marc:subfield><marc:subfield code="0">(viaf)73911061</marc:subfield><marc:subfield code="4">prt</marc:subfield></marc:datafield><marc:datafield tag="856" ind1="4" ind2=" "><marc:subfield code="u">https://books.google.be/books?vid=GENT900000051150</marc:subfield><marc:subfield code="3">Full text</marc:subfield><marc:subfield code="y">BIB.HER.002352/1</marc:subfield></marc:datafield><marc:datafield tag="920" ind1=" " ind2=" "><marc:subfield code="a">book</marc:subfield></marc:datafield><marc:datafield tag="773" ind1="1" ind2="8"><marc:subfield code="w">990036757290409161</marc:subfield><marc:subfield code="t">Deel BIB.HER.002352/1 van verzamelband BIB.HER.002352/-7</marc:subfield><marc:subfield code="g">pt:Deel BIB.HER.002352/1: De stiefvaar : blyspel / door T. Asselyn.</marc:subfield><marc:subfield code="g">iss:02</marc:subfield></marc:datafield></marc:record>