<marc:record><marc:leader>02327cam a22003258i 4500</marc:leader><marc:controlfield tag="005">20250926141143.0</marc:controlfield><marc:controlfield tag="008">250325s2025    enk    |rb   |001 ||eng||</marc:controlfield><marc:controlfield tag="001">990036757280409161</marc:controlfield><marc:datafield tag="SID" ind1=" " ind2=" "><marc:subfield code="a">Z39</marc:subfield><marc:subfield code="b">LOC</marc:subfield></marc:datafield><marc:datafield tag="010" ind1=" " ind2=" "><marc:subfield code="a">2024058800</marc:subfield></marc:datafield><marc:datafield tag="020" ind1=" " ind2=" "><marc:subfield code="a">9781032569307</marc:subfield><marc:subfield code="q">pbk</marc:subfield></marc:datafield><marc:datafield tag="035" ind1=" " ind2=" "><marc:subfield code="a">(RUG01)003675728</marc:subfield></marc:datafield><marc:datafield tag="035" ind1=" " ind2=" "><marc:subfield code="a">24125023</marc:subfield></marc:datafield><marc:datafield tag="035" ind1=" " ind2=" "><marc:subfield code="a">(DLC)24125023</marc:subfield></marc:datafield><marc:datafield tag="040" ind1=" " ind2=" "><marc:subfield code="a">DLC</marc:subfield><marc:subfield code="b">eng</marc:subfield><marc:subfield code="c">DLC</marc:subfield><marc:subfield code="d">DLC</marc:subfield><marc:subfield code="d">DLC-MRC</marc:subfield><marc:subfield code="d">DLC</marc:subfield><marc:subfield code="d">DLC-MRC</marc:subfield><marc:subfield code="e">rda</marc:subfield></marc:datafield><marc:datafield tag="042" ind1=" " ind2=" "><marc:subfield code="a">pcc</marc:subfield></marc:datafield><marc:datafield tag="050" ind1="0" ind2="0"><marc:subfield code="a">DF78</marc:subfield><marc:subfield code="b">.I73 2025</marc:subfield></marc:datafield><marc:datafield tag="082" ind1="0" ind2="0"><marc:subfield code="a">938</marc:subfield><marc:subfield code="2">23/eng/20250325</marc:subfield></marc:datafield><marc:datafield tag="100" ind1="1" ind2=" "><marc:subfield code="a">Irby, Georgia L.</marc:subfield><marc:subfield code="d">1965-</marc:subfield><marc:subfield code="q">(Georgia Lynette),</marc:subfield><marc:subfield code="0">(viaf)32172799</marc:subfield></marc:datafield><marc:datafield tag="245" ind1="1" ind2="0"><marc:subfield code="a">Greco-Roman waters :</marc:subfield><marc:subfield code="b">a sourcebook /</marc:subfield><marc:subfield code="c">Georgia L. Irby.</marc:subfield></marc:datafield><marc:datafield tag="260" ind1=" " ind2=" "><marc:subfield code="a">London :</marc:subfield><marc:subfield code="b">Routledge,</marc:subfield><marc:subfield code="c">2025.</marc:subfield></marc:datafield><marc:datafield tag="300" ind1=" " ind2=" "><marc:subfield code="a">XX, 470 p.: ill.</marc:subfield></marc:datafield><marc:datafield tag="490" ind1="0" ind2=" "><marc:subfield code="a">Routledge sourcebooks for the ancient world</marc:subfield></marc:datafield><marc:datafield tag="504" ind1=" " ind2=" "><marc:subfield code="a">Includes bibliographical references and index.</marc:subfield></marc:datafield><marc:datafield tag="520" ind1=" " ind2=" "><marc:subfield code="a">&quot;The first of its kind, this book presents a wide range of passages exploring many aspects of the Greco-Roman watery world: physics, philosophy, weather, medicine, marine biology, religion and mythology, infrastructure, sailing, and mercantile activities, and politicizing water ways. Offering a deep look at the many ways that water culture impacted the ancient world, both abstractly and tangibly, this collection provides a glimpse into the ancient mind and lived experience. It includes passages from literary, documentary, and visual evidence, organized along seven over-arching themes: Science of Water, Water and Living Creatures, Water and Religion, Water and Society, Humans on Water, Mercantile Waters, and The Sea Propagandized. Each selection is introduced by a contextualizing, exegetical paragraph. Explanatory notes assist with unfamiliar concepts; additional readings (both modern and ancient) are suggested; and cross references show the links between sections and topics. Greco-Roman Waters: A Sourcebook is suitable for students and scholars of ancient science and technology, the ancient environment, and the history of science, as well as those interested in the philosophy, intellectual culture, and environmental attitudes of the ancient Greco-Roman Mediterranean world&quot;-- Provided by publisher.</marc:subfield></marc:datafield><marc:datafield tag="650" ind1=" " ind2="0"><marc:subfield code="a">Hydrology</marc:subfield><marc:subfield code="z">Greece</marc:subfield></marc:datafield><marc:datafield tag="650" ind1=" " ind2="0"><marc:subfield code="a">Hydrology</marc:subfield><marc:subfield code="z">Rome</marc:subfield></marc:datafield><marc:datafield tag="650" ind1=" " ind2="0"><marc:subfield code="a">Water and civilization</marc:subfield><marc:subfield code="z">Greece</marc:subfield></marc:datafield><marc:datafield tag="650" ind1=" " ind2="0"><marc:subfield code="a">Water and civilization</marc:subfield><marc:subfield code="z">Rome</marc:subfield></marc:datafield><marc:datafield tag="920" ind1=" " ind2=" "><marc:subfield code="a">book</marc:subfield></marc:datafield></marc:record>