<marc:record><marc:leader>01696nam a22002535i 4500</marc:leader><marc:controlfield tag="005">20250930101411.0</marc:controlfield><marc:controlfield tag="008">231212s2024    nyu    |r    |000 ||eng||</marc:controlfield><marc:controlfield tag="001">990036757270409161</marc:controlfield><marc:datafield tag="SID" ind1=" " ind2=" "><marc:subfield code="a">Z39</marc:subfield><marc:subfield code="b">LOC</marc:subfield></marc:datafield><marc:datafield tag="010" ind1=" " ind2=" "><marc:subfield code="a">2023951999</marc:subfield></marc:datafield><marc:datafield tag="020" ind1=" " ind2=" "><marc:subfield code="a">9780198909569</marc:subfield><marc:subfield code="q">hbk</marc:subfield></marc:datafield><marc:datafield tag="035" ind1=" " ind2=" "><marc:subfield code="a">(RUG01)003675727</marc:subfield></marc:datafield><marc:datafield tag="035" ind1=" " ind2=" "><marc:subfield code="a">23420861</marc:subfield></marc:datafield><marc:datafield tag="040" ind1=" " ind2=" "><marc:subfield code="a">DLC</marc:subfield><marc:subfield code="b">eng</marc:subfield><marc:subfield code="c">DLC</marc:subfield><marc:subfield code="e">rda</marc:subfield></marc:datafield><marc:datafield tag="042" ind1=" " ind2=" "><marc:subfield code="a">pcc</marc:subfield></marc:datafield><marc:datafield tag="050" ind1=" " ind2=" "><marc:subfield code="a">BR1610</marc:subfield><marc:subfield code="b">.A85 2024</marc:subfield></marc:datafield><marc:datafield tag="100" ind1="1" ind2=" "><marc:subfield code="a">Atkins, Jed W.,</marc:subfield><marc:subfield code="d">....-</marc:subfield><marc:subfield code="0">(viaf)302479003</marc:subfield></marc:datafield><marc:datafield tag="245" ind1="1" ind2="4"><marc:subfield code="a">The christian origins of tolerance /</marc:subfield><marc:subfield code="c">Jed W. Atkins.</marc:subfield></marc:datafield><marc:datafield tag="264" ind1=" " ind2="1"><marc:subfield code="a">New York (N.Y.) :</marc:subfield><marc:subfield code="b">Oxford university press,</marc:subfield><marc:subfield code="c">2024.</marc:subfield></marc:datafield><marc:datafield tag="300" ind1=" " ind2=" "><marc:subfield code="a">IX, 300 p.</marc:subfield></marc:datafield><marc:datafield tag="520" ind1=" " ind2=" "><marc:subfield code="a">&quot;A quintessential liberal value, tolerance, according to a common liberal narrative, addresses the problem of monotheistic religious violence by protecting the individual freedoms of religion and conscience through the separation of church and state and side-lining judgments about the common good. Setting aside this liberal narrative, my book recovers tolerance&apos;s origins in a North-African Christian tradition that derives accounts of political judgment and patience within pluralistic communities from theological reflection on God&apos;s roles as a patient father and just judge. By recovering this forgotten tradition, we can better understand and assess the choices made by leading theorists of liberal tolerance and, as a result, think better about how to achieve peaceful coexistence in a world in which many members of the world&apos;s two largest religions, Christianity and Islam, are skeptical of liberalism&quot;--</marc:subfield><marc:subfield code="c">Provided by publisher.</marc:subfield></marc:datafield><marc:datafield tag="650" ind1=" " ind2="0"><marc:subfield code="a">Toleration</marc:subfield><marc:subfield code="x">Religious aspects</marc:subfield><marc:subfield code="x">Christianity</marc:subfield></marc:datafield><marc:datafield tag="650" ind1=" " ind2="0"><marc:subfield code="a">Toleration</marc:subfield><marc:subfield code="x">Religious aspects</marc:subfield><marc:subfield code="x">Christianity</marc:subfield><marc:subfield code="x">History</marc:subfield></marc:datafield><marc:datafield tag="920" ind1=" " ind2=" "><marc:subfield code="a">book</marc:subfield></marc:datafield></marc:record>