<marc:record><marc:leader>03799cam a22003378i 4500</marc:leader><marc:controlfield tag="005">20250916133135.0</marc:controlfield><marc:controlfield tag="008">240523s2025    nju    |rb   |001 ||eng||</marc:controlfield><marc:controlfield tag="001">990036757260409161</marc:controlfield><marc:datafield tag="010" ind1=" " ind2=" "><marc:subfield code="a">2024015381</marc:subfield></marc:datafield><marc:datafield tag="020" ind1=" " ind2=" "><marc:subfield code="a">9780691164717</marc:subfield><marc:subfield code="q">hbk</marc:subfield></marc:datafield><marc:datafield tag="035" ind1=" " ind2=" "><marc:subfield code="a">(RUG01)003675726</marc:subfield></marc:datafield><marc:datafield tag="035" ind1=" " ind2=" "><marc:subfield code="a">(RUG01)003675726RUG01</marc:subfield></marc:datafield><marc:datafield tag="035" ind1=" " ind2=" "><marc:subfield code="a">23705597</marc:subfield></marc:datafield><marc:datafield tag="040" ind1=" " ind2=" "><marc:subfield code="a">DLC</marc:subfield><marc:subfield code="b">eng</marc:subfield><marc:subfield code="c">DLC</marc:subfield><marc:subfield code="d">DLC</marc:subfield><marc:subfield code="e">rda</marc:subfield></marc:datafield><marc:datafield tag="042" ind1=" " ind2=" "><marc:subfield code="a">pcc</marc:subfield></marc:datafield><marc:datafield tag="050" ind1="0" ind2="0"><marc:subfield code="a">HM1266</marc:subfield><marc:subfield code="b">.R67 2025</marc:subfield></marc:datafield><marc:datafield tag="082" ind1="0" ind2="0"><marc:subfield code="a">153.8/3</marc:subfield><marc:subfield code="2">23/eng/20240701</marc:subfield></marc:datafield><marc:datafield tag="100" ind1="1" ind2=" "><marc:subfield code="a">Rosenfeld, Sophia A.,</marc:subfield><marc:subfield code="d">1966-</marc:subfield><marc:subfield code="0">(viaf)49442691</marc:subfield></marc:datafield><marc:datafield tag="245" ind1="1" ind2="4"><marc:subfield code="a">The age of choice :</marc:subfield><marc:subfield code="b">a history of freedom in modern life /</marc:subfield><marc:subfield code="c">Sophia Rosenfeld.</marc:subfield></marc:datafield><marc:datafield tag="260" ind1=" " ind2=" "><marc:subfield code="a">Princeton (N.J.) :</marc:subfield><marc:subfield code="b">Princeton university press,</marc:subfield><marc:subfield code="c">2025.</marc:subfield></marc:datafield><marc:datafield tag="264" ind1=" " ind2="1"><marc:subfield code="a">Princeton :</marc:subfield><marc:subfield code="b">Princeton University Press,</marc:subfield><marc:subfield code="c">2025.</marc:subfield></marc:datafield><marc:datafield tag="300" ind1=" " ind2=" "><marc:subfield code="a">VII, 462 p., [6] p. of plates</marc:subfield><marc:subfield code="b">ill.</marc:subfield></marc:datafield><marc:datafield tag="504" ind1=" " ind2=" "><marc:subfield code="a">Includes bibliographical references and index.</marc:subfield></marc:datafield><marc:datafield tag="520" ind1=" " ind2=" "><marc:subfield code="a">&quot;Today choice is often taken to be a synonym for freedom. In much of the world, but especially in the United States, having both more occasions to make choices and more options to choose from are familiar political, personal, and economic goals. We are urged to consider our preferences and then to select from menus of options covering almost every element of our lives, including what to buy, where to live, whom to love, what profession to practice, and even what to believe. We like to think that when we determine our preferences among them, we are engaged in the business of self-realization. And yet, everybody from marketing gurus to psychologists to philosophers has also been warning us about the many negative consequences stemming from our obsession with individualized choice-making.</marc:subfield></marc:datafield><marc:datafield tag="520" ind1=" " ind2=" "><marc:subfield code="a">Not only are we not very good at realizing our personal desires, but we are also overwhelmed with too many possibilities, anxious about what best to pick and seemingly unable to muster the same enthusiasm for collective decision making as we do for choices about ourselves. Further, our relentless focus on the responsibility for making good ones has stigmatized those without many options, mainly the poor. How did this happen? Drawing on sources as varied as novels, questionnaires, and restaurant menus, The Choice is Yours tells the long history of the invention of choice as the modern form of freedom. Sophia Rosenfeld pays particular attention to women and the halting emergence of feminism in order to demonstrate how choice was, from the start, stigmatized and turned into a horizon for liberty.</marc:subfield></marc:datafield><marc:datafield tag="520" ind1=" " ind2=" "><marc:subfield code="a">Thus, this is also a story about constraints, from formal laws to social customs, that have always worked to limit choice-who gets to do it, when and how they do so, what the choices are-in ways that are often invisible and yet central to the role that choice plays in the modern world. Rosenfeld begins in the early modern Western world, with the contemporaneous invention of shopping as an activity focused on the selection of goods and of religious freedom, in addition to freedom of expression as a matter of being able to pick one&apos;s convictions. Moving into the nineteenth and twentieth centuries, she explores choice in romantic life, choice in politics, and sciences of choice. She takes up the work of contemporary psychologists, economists, and other theorists and offers a new perspective on how to think about choice now-based on a new reading of the past. An epilogue centers on the rise of reproductive choice and its consequences since the 1970s.</marc:subfield></marc:datafield><marc:datafield tag="520" ind1=" " ind2=" "><marc:subfield code="a">Ultimately, The Choice is Yours is an argument for the necessity of rethinking the meaning of choice today, including its promise and its limitations, within the contours of modern liberalism&quot;--</marc:subfield><marc:subfield code="c">Provided by publisher.</marc:subfield></marc:datafield><marc:datafield tag="650" ind1=" " ind2="0"><marc:subfield code="a">Choice (Psychology)</marc:subfield></marc:datafield><marc:datafield tag="650" ind1=" " ind2="0"><marc:subfield code="a">Liberty</marc:subfield><marc:subfield code="x">History.</marc:subfield></marc:datafield><marc:datafield tag="920" ind1=" " ind2=" "><marc:subfield code="a">book</marc:subfield></marc:datafield><marc:datafield tag="SID" ind1=" " ind2=" "><marc:subfield code="a">Z39</marc:subfield><marc:subfield code="b">LOC</marc:subfield></marc:datafield></marc:record>