<marc:record><marc:leader>02470cam a2200421 c 4500</marc:leader><marc:controlfield tag="005">20250918232113.0</marc:controlfield><marc:controlfield tag="008">220413s2022    gw |||||r    |00| ||ger|c</marc:controlfield><marc:controlfield tag="001">990036757250409161</marc:controlfield><marc:datafield tag="015" ind1=" " ind2=" "><marc:subfield code="a">22,N15</marc:subfield><marc:subfield code="2">dnb</marc:subfield></marc:datafield><marc:datafield tag="016" ind1="7" ind2=" "><marc:subfield code="a">1254833226</marc:subfield><marc:subfield code="2">DE-101</marc:subfield></marc:datafield><marc:datafield tag="020" ind1=" " ind2=" "><marc:subfield code="a">9783806244946</marc:subfield></marc:datafield><marc:datafield tag="035" ind1=" " ind2=" "><marc:subfield code="a">(RUG01)003675725</marc:subfield></marc:datafield><marc:datafield tag="035" ind1=" " ind2=" "><marc:subfield code="a">(DE-627)1799571556</marc:subfield></marc:datafield><marc:datafield tag="035" ind1=" " ind2=" "><marc:subfield code="a">(DE-599)DNB1254833226</marc:subfield></marc:datafield><marc:datafield tag="035" ind1=" " ind2=" "><marc:subfield code="a">(OCoLC)1348177628</marc:subfield></marc:datafield><marc:datafield tag="040" ind1=" " ind2=" "><marc:subfield code="a">DE-627</marc:subfield><marc:subfield code="b">ger</marc:subfield><marc:subfield code="c">DE-627</marc:subfield><marc:subfield code="e">rda</marc:subfield></marc:datafield><marc:datafield tag="041" ind1=" " ind2=" "><marc:subfield code="a">ger</marc:subfield></marc:datafield><marc:datafield tag="044" ind1=" " ind2=" "><marc:subfield code="c">XA-DE-HE</marc:subfield></marc:datafield><marc:datafield tag="082" ind1="0" ind2=" "><marc:subfield code="a">202.117014</marc:subfield><marc:subfield code="q">DE-101</marc:subfield><marc:subfield code="2">23/ger</marc:subfield></marc:datafield><marc:datafield tag="082" ind1="0" ind2="4"><marc:subfield code="a">200</marc:subfield><marc:subfield code="a">400</marc:subfield><marc:subfield code="q">DE-101</marc:subfield></marc:datafield><marc:datafield tag="084" ind1=" " ind2=" "><marc:subfield code="a">0</marc:subfield><marc:subfield code="a">1</marc:subfield><marc:subfield code="2">ssgn</marc:subfield></marc:datafield><marc:datafield tag="084" ind1=" " ind2=" "><marc:subfield code="a">11.00</marc:subfield><marc:subfield code="2">bkl</marc:subfield></marc:datafield><marc:datafield tag="084" ind1=" " ind2=" "><marc:subfield code="a">11.07</marc:subfield><marc:subfield code="2">bkl</marc:subfield></marc:datafield><marc:datafield tag="084" ind1=" " ind2=" "><marc:subfield code="a">18.74</marc:subfield><marc:subfield code="2">bkl</marc:subfield></marc:datafield><marc:datafield tag="084" ind1=" " ind2=" "><marc:subfield code="a">BE 3750</marc:subfield><marc:subfield code="q">DE-FR129</marc:subfield><marc:subfield code="2">rvk</marc:subfield><marc:subfield code="0">(DE-625)rvk/10584:</marc:subfield></marc:datafield><marc:datafield tag="084" ind1=" " ind2=" "><marc:subfield code="a">BG 6670</marc:subfield><marc:subfield code="q">DE-24/22sred</marc:subfield><marc:subfield code="2">rvk</marc:subfield><marc:subfield code="0">(DE-625)rvk/11310:</marc:subfield></marc:datafield><marc:datafield tag="084" ind1=" " ind2=" "><marc:subfield code="a">REL 251</marc:subfield><marc:subfield code="2">sfb</marc:subfield></marc:datafield><marc:datafield tag="100" ind1="1" ind2=" "><marc:subfield code="a">Bauer, Thomas,</marc:subfield><marc:subfield code="d">1961-</marc:subfield><marc:subfield code="0">(viaf)71144814325286259259</marc:subfield></marc:datafield><marc:datafield tag="245" ind1="1" ind2="0"><marc:subfield code="a">Welche Sprache spricht Gott? :</marc:subfield><marc:subfield code="b">Versuche aus Judentum, Christentum und Islam /</marc:subfield><marc:subfield code="c">Thomas Bauer, Alfred Bodenheimer, Michael Seewald.</marc:subfield></marc:datafield><marc:datafield tag="260" ind1=" " ind2=" "><marc:subfield code="a">Darmstadt :</marc:subfield><marc:subfield code="b">WBG,</marc:subfield><marc:subfield code="c">2022.</marc:subfield></marc:datafield><marc:datafield tag="264" ind1=" " ind2="1"><marc:subfield code="a">Darmstadt :</marc:subfield><marc:subfield code="b">wbg Theiss,</marc:subfield><marc:subfield code="c">[2022].</marc:subfield></marc:datafield><marc:datafield tag="264" ind1=" " ind2="4"><marc:subfield code="c">© 2022</marc:subfield></marc:datafield><marc:datafield tag="300" ind1=" " ind2=" "><marc:subfield code="a">157 p.: ill.</marc:subfield></marc:datafield><marc:datafield tag="520" ind1=" " ind2=" "><marc:subfield code="a">Was den jüdischen, christlichen und islamischen Glauben verbindet: Gott spricht. Der Glaube von Juden, Christen und Muslimen setzt voraus, dass Gott spricht und sich offenbart. Doch wie stellen sich die drei monotheistischen Religionen ein Sprechen Gottes und die göttliche Offenbarung vor? Und welche Sprache sprechen wir, wenn wir über und mit Gott sprechen - sei es im Gebet, im Gottesdienst oder in Diskussionen? Der Judaist Alfred Bodenheimer, der katholische Theologe Michael Seewald und der Islamwissenschaftler Thomas Bauer denken über die Kommunikation zwischen Gott und den Menschen nach. Jeder der drei Autoren setzt dabei seine eigenen Akzente - literaturwissenschaftlich, kulturgeschichtlich, theologisch - so dass ein interreligiöses wie interdisziplinäres Kaleidoskop entsteht. Der Frage nach der Sprache Gottes geht ein Erstaunen voraus. Der transzendente Gott, das grosse Andere, spricht - und dies auch noch in einer Weise, die Menschen zu verstehen glauben. Wie ist das möglich? Welche Instanzen beanspruchen für sich, Dolmetscher Gottes zu sein? Was bedeutet es, wenn Gott schweigt?</marc:subfield></marc:datafield><marc:datafield tag="700" ind1="1" ind2=" "><marc:subfield code="a">Bodenheimer, Alfred,</marc:subfield><marc:subfield code="d">1965-</marc:subfield><marc:subfield code="0">(viaf)32140489</marc:subfield></marc:datafield><marc:datafield tag="700" ind1="1" ind2=" "><marc:subfield code="a">Seewald, Michael,</marc:subfield><marc:subfield code="d">1987-</marc:subfield><marc:subfield code="0">(viaf)160372030</marc:subfield></marc:datafield><marc:datafield tag="920" ind1=" " ind2=" "><marc:subfield code="a">book</marc:subfield></marc:datafield><marc:datafield tag="SID" ind1=" " ind2=" "><marc:subfield code="a">Z39</marc:subfield><marc:subfield code="b">K10PLUS</marc:subfield></marc:datafield></marc:record>