<marc:record><marc:leader>04460cam a2200325 i 4500</marc:leader><marc:controlfield tag="005">20250917153137.0</marc:controlfield><marc:controlfield tag="008">240222s2024    njua   |rb   |001 ||eng||</marc:controlfield><marc:controlfield tag="001">990036757240409161</marc:controlfield><marc:datafield tag="010" ind1=" " ind2=" "><marc:subfield code="a">2024001062</marc:subfield></marc:datafield><marc:datafield tag="020" ind1=" " ind2=" "><marc:subfield code="a">9780691189697</marc:subfield><marc:subfield code="q">hbk</marc:subfield></marc:datafield><marc:datafield tag="035" ind1=" " ind2=" "><marc:subfield code="a">(RUG01)003675724</marc:subfield></marc:datafield><marc:datafield tag="035" ind1=" " ind2=" "><marc:subfield code="a">(RUG01)003675724RUG01</marc:subfield></marc:datafield><marc:datafield tag="040" ind1=" " ind2=" "><marc:subfield code="a">DLC</marc:subfield><marc:subfield code="b">eng</marc:subfield><marc:subfield code="c">DLC</marc:subfield><marc:subfield code="d">DLC</marc:subfield><marc:subfield code="e">rda</marc:subfield></marc:datafield><marc:datafield tag="050" ind1="0" ind2="0"><marc:subfield code="a">HM871</marc:subfield><marc:subfield code="b">.B54 2024</marc:subfield></marc:datafield><marc:datafield tag="082" ind1="0" ind2="0"><marc:subfield code="a">302.330903</marc:subfield><marc:subfield code="2">23/eng/20240312</marc:subfield></marc:datafield><marc:datafield tag="084" ind1=" " ind2=" "><marc:subfield code="a">HIS037010</marc:subfield><marc:subfield code="a">SOC002010</marc:subfield><marc:subfield code="2">bisacsh</marc:subfield></marc:datafield><marc:datafield tag="100" ind1="1" ind2=" "><marc:subfield code="a">Bobrycki, Shane,</marc:subfield><marc:subfield code="d">1985-</marc:subfield><marc:subfield code="0">(viaf)44171185262747772958</marc:subfield></marc:datafield><marc:datafield tag="245" ind1="1" ind2="4"><marc:subfield code="a">The crowd in the early Middle Ages /</marc:subfield><marc:subfield code="c">Shane Bobrycki.</marc:subfield></marc:datafield><marc:datafield tag="264" ind1=" " ind2="1"><marc:subfield code="a">Princeton :</marc:subfield><marc:subfield code="b">Princeton university press,</marc:subfield><marc:subfield code="c">2024</marc:subfield></marc:datafield><marc:datafield tag="300" ind1=" " ind2=" "><marc:subfield code="a">XXI, 313 p.: ill.</marc:subfield></marc:datafield><marc:datafield tag="490" ind1="0" ind2=" "><marc:subfield code="a">Histories of economic life</marc:subfield></marc:datafield><marc:datafield tag="504" ind1=" " ind2=" "><marc:subfield code="a">Includes bibliographical references (pages 179-296) and index.</marc:subfield></marc:datafield><marc:datafield tag="520" ind1=" " ind2=" "><marc:subfield code="a">&quot;The importance of collective behavior in early medieval EuropeBy the fifth and sixth centuries, the bread and circuses and triumphal processions of the Roman Empire gave way to a quieter world. And yet, as Shane Bobrycki argues, the influence and importance of the crowd did not disappear in early medieval Europe. In The Crowd in the Early Middle Ages, Bobrycki shows that although demographic change may have dispersed the urban multitudes of Greco-Roman civilization, collective behavior retained its social importance even when crowds were scarce.Most historians have seen early medieval Europe as a world without crowds. In fact, Bobrycki argues, early medieval European sources are full of crowds-although perhaps not the sort historians have trained themselves to look for. Harvests, markets, festivals, religious rites, and political assemblies were among the gatherings used to regulate resources and demonstrate legitimacy. Indeed, the refusal to assemble or other forms of &quot;slantwise&quot; assembly, became a weapon of the powerless. Bobrycki investigates what happened when demographic realities shifted, but culture, religion, and politics remained bound by the past. The history of crowds during the five hundred years between the age of circuses and the age of crusades, Bobrycki shows, tells an important story-one of systemic and scalar change in economic and social life and of reorganization in the world of ideas and norms&quot;--</marc:subfield><marc:subfield code="c">Provided by publisher.</marc:subfield></marc:datafield><marc:datafield tag="520" ind1=" " ind2=" "><marc:subfield code="a">&quot;Until now, almost all historians have seen the de-urbanized, de-populated early Middle Ages as a crowdless world. But crowds did not disappear in Europe between 500 and 1000, historian Shane Bobrycki shows. The Crowd in the Early Middle Ages is the first book-length study of crowds in post-Roman European history. After fifth- and sixth-century urban and demographic decline, European gatherings were smaller, less spontaneous, and easier for elites and rulers to control. But crowds remained central to the agrarian economy; they played a vital role in politics and religion. Assemblies, festivals, fairs, and the church&apos;s invisible multitude of saints ensured that collective behavior remained central to public life. Early medieval women and men sought to recreate and reimagine Rome&apos;s lost crowds.</marc:subfield></marc:datafield><marc:datafield tag="520" ind1=" " ind2=" "><marc:subfield code="a">Bobrycki demonstrates that between inherited Christian values and new material constraints on gathering, elites abandoned old prejudices against mobs and rabbles while embracing the crowd&apos;s legitimacy, with lasting results for European institutions. Non-elites resisted authority by avoiding or repurposing expected collective behaviors. The Crowd in the Early Middle Ages argues that the history of early medieval crowds illuminates the transition from the ancient world to the Middle Ages. Early medieval communities inventively reimagined collective behaviors: taxation, in an age of weak governments, involved controlling seasonal crowds. Enduring religious and political practices, the book argues, had their origins in a forgotten early medieval crowd regime. In the medieval period, elites began to draw distinctions between &quot;good&quot; and &quot;bad&quot; crowds, with good crowds acting as a legitimizing force and bad crowds portrayed as unruly, often female mobs.</marc:subfield></marc:datafield><marc:datafield tag="520" ind1=" " ind2=" "><marc:subfield code="a">In this sweeping analysis of European life in the Middle Ages, Bobrycki explores the world shaped by the early medieval crowd regime and encourages historians to rethink their understanding of collective behavior&quot;--</marc:subfield><marc:subfield code="c">Provided by publisher.</marc:subfield></marc:datafield><marc:datafield tag="650" ind1=" " ind2="0"><marc:subfield code="a">Collective behavior</marc:subfield><marc:subfield code="y">To 1500.</marc:subfield></marc:datafield><marc:datafield tag="650" ind1=" " ind2="0"><marc:subfield code="a">Crowds</marc:subfield><marc:subfield code="x">History</marc:subfield><marc:subfield code="y">To 1500.</marc:subfield></marc:datafield><marc:datafield tag="920" ind1=" " ind2=" "><marc:subfield code="a">book</marc:subfield></marc:datafield><marc:datafield tag="SID" ind1=" " ind2=" "><marc:subfield code="a">Z39</marc:subfield><marc:subfield code="b">LOC</marc:subfield></marc:datafield></marc:record>