<marc:record><marc:leader>02081cam a2200433 c 4500</marc:leader><marc:controlfield tag="005">20250923123824.0</marc:controlfield><marc:controlfield tag="008">240131s2024    gw |||||rm   |00| ||ger|c</marc:controlfield><marc:controlfield tag="001">990036757230409161</marc:controlfield><marc:datafield tag="SID" ind1=" " ind2=" "><marc:subfield code="a">Z39</marc:subfield><marc:subfield code="b">K10PLUS</marc:subfield></marc:datafield><marc:datafield tag="015" ind1=" " ind2=" "><marc:subfield code="a">24,N05</marc:subfield><marc:subfield code="2">dnb</marc:subfield></marc:datafield><marc:datafield tag="016" ind1="7" ind2=" "><marc:subfield code="a">1317075927</marc:subfield><marc:subfield code="2">DE-101</marc:subfield></marc:datafield><marc:datafield tag="020" ind1=" " ind2=" "><marc:subfield code="a">9783867572798</marc:subfield><marc:subfield code="q">hbk</marc:subfield></marc:datafield><marc:datafield tag="035" ind1=" " ind2=" "><marc:subfield code="a">(RUG01)003675723</marc:subfield></marc:datafield><marc:datafield tag="035" ind1=" " ind2=" "><marc:subfield code="a">(DE-627)1879685604</marc:subfield></marc:datafield><marc:datafield tag="035" ind1=" " ind2=" "><marc:subfield code="a">(DE-599)DNB1317075927</marc:subfield></marc:datafield><marc:datafield tag="035" ind1=" " ind2=" "><marc:subfield code="a">(OCoLC)1419444603</marc:subfield></marc:datafield><marc:datafield tag="040" ind1=" " ind2=" "><marc:subfield code="a">DE-627</marc:subfield><marc:subfield code="b">ger</marc:subfield><marc:subfield code="c">DE-627</marc:subfield><marc:subfield code="e">rda</marc:subfield></marc:datafield><marc:datafield tag="041" ind1=" " ind2=" "><marc:subfield code="a">ger</marc:subfield></marc:datafield><marc:datafield tag="044" ind1=" " ind2=" "><marc:subfield code="c">XA-DE-NW</marc:subfield></marc:datafield><marc:datafield tag="082" ind1="0" ind2=" "><marc:subfield code="a">270.1</marc:subfield><marc:subfield code="q">DE-101</marc:subfield><marc:subfield code="2">23/ger</marc:subfield></marc:datafield><marc:datafield tag="082" ind1="0" ind2=" "><marc:subfield code="a">355.033037</marc:subfield><marc:subfield code="q">DE-101</marc:subfield><marc:subfield code="2">23/ger</marc:subfield></marc:datafield><marc:datafield tag="082" ind1="0" ind2="4"><marc:subfield code="a">230</marc:subfield><marc:subfield code="a">355</marc:subfield><marc:subfield code="a">930</marc:subfield><marc:subfield code="q">DE-101</marc:subfield></marc:datafield><marc:datafield tag="084" ind1=" " ind2=" "><marc:subfield code="a">11.51</marc:subfield><marc:subfield code="2">bkl</marc:subfield></marc:datafield><marc:datafield tag="084" ind1=" " ind2=" "><marc:subfield code="a">15.28</marc:subfield><marc:subfield code="2">bkl</marc:subfield></marc:datafield><marc:datafield tag="084" ind1=" " ind2=" "><marc:subfield code="a">89.80</marc:subfield><marc:subfield code="2">bkl</marc:subfield></marc:datafield><marc:datafield tag="084" ind1=" " ind2=" "><marc:subfield code="a">NH 9600</marc:subfield><marc:subfield code="q">DE-24/24sred</marc:subfield><marc:subfield code="0">(DE-625)rvk/125845:</marc:subfield><marc:subfield code="2">rvk</marc:subfield></marc:datafield><marc:datafield tag="100" ind1="1" ind2=" "><marc:subfield code="a">Kumpitsch, Winfried,</marc:subfield><marc:subfield code="d">1993-</marc:subfield><marc:subfield code="0">(viaf)11170858112807681200</marc:subfield></marc:datafield><marc:datafield tag="240" ind1="1" ind2="4"><marc:subfield code="a">Die Christianisierung des römischen Heereskultes und die Rolle der Soldatenmärtyrer im 4.-6. Jahrhundert</marc:subfield></marc:datafield><marc:datafield tag="245" ind1="1" ind2="0"><marc:subfield code="a">Adiuta! - Deus! :</marc:subfield><marc:subfield code="b">die Christianisierung des römischen Heereskultes im 4.-6. Jahrhundert /</marc:subfield><marc:subfield code="c">Winfried Kumpitsch.</marc:subfield></marc:datafield><marc:datafield tag="260" ind1=" " ind2=" "><marc:subfield code="a">Rahden :</marc:subfield><marc:subfield code="b">Leidorf,</marc:subfield><marc:subfield code="c">2024.</marc:subfield></marc:datafield><marc:datafield tag="300" ind1=" " ind2=" "><marc:subfield code="a">399 p.</marc:subfield></marc:datafield><marc:datafield tag="490" ind1="0" ind2=" "><marc:subfield code="a">Pharos</marc:subfield><marc:subfield code="v">51</marc:subfield><marc:subfield code="x">1436-6457</marc:subfield></marc:datafield><marc:datafield tag="500" ind1=" " ind2=" "><marc:subfield code="a">&quot;... in einigen Teilen überarbeitete und erweiterte Fassung meiner althistorischen Dissertation ... wurde zwischen 2018 und 2022 an der Geisteswissenschaftlichen Fakultät der Universität Graz und am Max-Weber-Kolleg für kultur- und sozialwissenschaftliche Studien in Erfurt ...&quot; (Vorwort)</marc:subfield></marc:datafield><marc:datafield tag="500" ind1=" " ind2=" "><marc:subfield code="a">Dissertation erschienen unter dem Titel: Die Christianisierung des römischen Heereskultes und die Rolle der Soldatenmärtyrer im 4.-6. Jahrhundert</marc:subfield></marc:datafield><marc:datafield tag="502" ind1=" " ind2=" "><marc:subfield code="b">Dissertation</marc:subfield><marc:subfield code="c">Universität Graz</marc:subfield><marc:subfield code="d">2022</marc:subfield></marc:datafield><marc:datafield tag="710" ind1="2" ind2=" "><marc:subfield code="a">Karl-Franzens-Universität Graz</marc:subfield><marc:subfield code="e">Grad-verleihende Institution</marc:subfield><marc:subfield code="0">(DE-588)36157-4</marc:subfield><marc:subfield code="0">(DE-627)100832873</marc:subfield><marc:subfield code="0">(DE-576)190344652</marc:subfield><marc:subfield code="4">dgg</marc:subfield></marc:datafield><marc:datafield tag="710" ind1="2" ind2=" "><marc:subfield code="a">VML Verlag Marie Leidorf GmbH</marc:subfield><marc:subfield code="e">Verlag</marc:subfield><marc:subfield code="0">(DE-588)1065031947</marc:subfield><marc:subfield code="0">(DE-627)815986068</marc:subfield><marc:subfield code="0">(DE-576)424726343</marc:subfield><marc:subfield code="4">pbl</marc:subfield></marc:datafield><marc:datafield tag="751" ind1=" " ind2=" "><marc:subfield code="a">Graz</marc:subfield><marc:subfield code="0">(DE-588)4021912-4</marc:subfield><marc:subfield code="0">(DE-627)106311573</marc:subfield><marc:subfield code="0">(DE-576)208940626</marc:subfield><marc:subfield code="4">uvp</marc:subfield></marc:datafield><marc:datafield tag="920" ind1=" " ind2=" "><marc:subfield code="a">book</marc:subfield></marc:datafield></marc:record>