<marc:record><marc:leader>00476nam a2200157 a 4500</marc:leader><marc:controlfield tag="005">20251117161834.0</marc:controlfield><marc:controlfield tag="008">250807s2025    gw |||||r|||||||| ||ger|d</marc:controlfield><marc:controlfield tag="001">990036757210409161</marc:controlfield><marc:datafield tag="020" ind1=" " ind2=" "><marc:subfield code="a">9783795438111</marc:subfield><marc:subfield code="q">hbk</marc:subfield></marc:datafield><marc:datafield tag="035" ind1=" " ind2=" "><marc:subfield code="a">(RUG01)003675721</marc:subfield></marc:datafield><marc:datafield tag="040" ind1=" " ind2=" "><marc:subfield code="a">BE-GnUNI</marc:subfield></marc:datafield><marc:datafield tag="100" ind1="1" ind2=" "><marc:subfield code="a">Merkt, Andreas,</marc:subfield><marc:subfield code="d">1967-</marc:subfield><marc:subfield code="0">(viaf)14988132</marc:subfield></marc:datafield><marc:datafield tag="245" ind1="1" ind2="0"><marc:subfield code="a">Rund um den Tod :</marc:subfield><marc:subfield code="b">wie der Tod christlich wurde /</marc:subfield><marc:subfield code="c">Andreas Merkt</marc:subfield></marc:datafield><marc:datafield tag="260" ind1=" " ind2=" "><marc:subfield code="a">Regensburg :</marc:subfield><marc:subfield code="b">Schnell und Steiner,</marc:subfield><marc:subfield code="c">2025.</marc:subfield></marc:datafield><marc:datafield tag="300" ind1=" " ind2=" "><marc:subfield code="a">408 p.: ill.</marc:subfield></marc:datafield><marc:datafield tag="920" ind1=" " ind2=" "><marc:subfield code="a">book</marc:subfield></marc:datafield></marc:record>