<marc:record><marc:leader>02868cam a2200337 c 4500</marc:leader><marc:controlfield tag="005">20250923122020.0</marc:controlfield><marc:controlfield tag="008">230609s2023    xxu|||||r    |00| ||eng|c</marc:controlfield><marc:controlfield tag="001">990036757200409161</marc:controlfield><marc:datafield tag="SID" ind1=" " ind2=" "><marc:subfield code="a">Z39</marc:subfield><marc:subfield code="b">K10PLUS</marc:subfield></marc:datafield><marc:datafield tag="010" ind1=" " ind2=" "><marc:subfield code="a">2022059277</marc:subfield></marc:datafield><marc:datafield tag="020" ind1=" " ind2=" "><marc:subfield code="a">9780520395480</marc:subfield><marc:subfield code="q">hbk</marc:subfield></marc:datafield><marc:datafield tag="035" ind1=" " ind2=" "><marc:subfield code="a">(RUG01)003675720</marc:subfield></marc:datafield><marc:datafield tag="035" ind1=" " ind2=" "><marc:subfield code="a">(DE-627)1848677464</marc:subfield></marc:datafield><marc:datafield tag="035" ind1=" " ind2=" "><marc:subfield code="a">(DE-599)KXP1848677464</marc:subfield></marc:datafield><marc:datafield tag="035" ind1=" " ind2=" "><marc:subfield code="a">(OCoLC)1392543643</marc:subfield></marc:datafield><marc:datafield tag="040" ind1=" " ind2=" "><marc:subfield code="a">DE-627</marc:subfield><marc:subfield code="b">ger</marc:subfield><marc:subfield code="c">DE-627</marc:subfield><marc:subfield code="e">rda</marc:subfield></marc:datafield><marc:datafield tag="041" ind1=" " ind2=" "><marc:subfield code="a">eng</marc:subfield></marc:datafield><marc:datafield tag="044" ind1=" " ind2=" "><marc:subfield code="c">XD-US</marc:subfield></marc:datafield><marc:datafield tag="050" ind1=" " ind2="0"><marc:subfield code="a">BL2290</marc:subfield></marc:datafield><marc:datafield tag="082" ind1="0" ind2=" "><marc:subfield code="a">200.939/26</marc:subfield><marc:subfield code="q">DLC</marc:subfield><marc:subfield code="2">23/eng/20230510</marc:subfield></marc:datafield><marc:datafield tag="082" ind1="0" ind2=" "><marc:subfield code="a">200.93926</marc:subfield><marc:subfield code="2">23</marc:subfield></marc:datafield><marc:datafield tag="084" ind1=" " ind2=" "><marc:subfield code="a">0</marc:subfield><marc:subfield code="2">ssgn</marc:subfield></marc:datafield><marc:datafield tag="100" ind1="1" ind2=" "><marc:subfield code="a">Parker, Robert,</marc:subfield><marc:subfield code="d">1950-</marc:subfield><marc:subfield code="0">(viaf)100272455</marc:subfield></marc:datafield><marc:datafield tag="245" ind1="1" ind2="0"><marc:subfield code="a">Religion in Roman Phrygia :</marc:subfield><marc:subfield code="b">from polytheism to Christianity /</marc:subfield><marc:subfield code="c">Robert Parker.</marc:subfield></marc:datafield><marc:datafield tag="264" ind1=" " ind2="1"><marc:subfield code="a">Oakland (Calif.) :</marc:subfield><marc:subfield code="b">University of California press,</marc:subfield><marc:subfield code="c">2023.</marc:subfield></marc:datafield><marc:datafield tag="300" ind1=" " ind2=" "><marc:subfield code="a">IX, 254 p: ill.</marc:subfield></marc:datafield><marc:datafield tag="490" ind1="0" ind2=" "><marc:subfield code="a">The Joan Palevsky imprint in classical literature</marc:subfield></marc:datafield><marc:datafield tag="500" ind1=" " ind2=" "><marc:subfield code="a">Includes bibliographical references and index</marc:subfield></marc:datafield><marc:datafield tag="520" ind1=" " ind2=" "><marc:subfield code="a">&quot;Phrygia in the second and third centuries CE offers more vivid evidence for what has been termed &apos;lived ancient religion&apos; than any other region of the ancient world. The evidence from Phrygia is neither literary nor, in the main, issued by cities or their powerful inhabitants. It comes from farmers and herders: they have left behind numerous stone memorials of themselves and dedications to their gods, praying for the welfare of their families, their crops, and their cattle. A rare window is opened into the world of what Sir Ronald Syme called &apos;the voiceless earth-coloured rustics&apos; who are &apos;conveniently forgotten&apos;. The period in which Phrygian paganism flourished so visibly to our eyes was also the period in which Christianity, introduced by the apostle Paul, took root, as early and as successfully as in any part of the Roman world. In Religion in Roman Phrygia: From Polytheism to Christianity, Robert Parker presents this rich body of evidence and uses it to explore one of history&apos;s great stories and enigmas: how and why the new religion overtook its predecessor, the Christian God now meeting the needs of Phrygians hitherto satisfied by Zeus and the other gods&quot;--</marc:subfield></marc:datafield><marc:datafield tag="520" ind1=" " ind2=" "><marc:subfield code="a">Introduction -- Worshipping groups -- Priesthoods, finance, authority -- Phrygian polytheism I : Gods -- Phrygian polytheism II : Differentiated powers? -- Heavenly and imperial gods -- Consecrations and confessions at the sanctuary of Apollo Lairbenos -- Annexe : an urban or rural clientele? : city ethnics and villagers -- Phrygian gods and death -- Christianity and paganism in Phrygia -- Retrospect -- The masked ball : Interpretatio and its effects -- Envoi -- Appendix 1 : Phrygian origin myths -- Appendix 2 : &apos;Honoured by Hekate&apos; -- Appendix 3 : [ton theon soi] -- Appendix 4 : Paganism and montanism -- Appendix 5 : Epitynchanos -- Appendix 6 : Iconography.</marc:subfield></marc:datafield><marc:datafield tag="920" ind1=" " ind2=" "><marc:subfield code="a">book</marc:subfield></marc:datafield></marc:record>