<marc:record><marc:leader>01157cam a2200313 c 4500</marc:leader><marc:controlfield tag="005">20251015205348.0</marc:controlfield><marc:controlfield tag="008">250417s2023    it |||||r    |00| ||mul|c</marc:controlfield><marc:controlfield tag="001">990036757190409161</marc:controlfield><marc:datafield tag="SID" ind1=" " ind2=" "><marc:subfield code="a">Z39</marc:subfield><marc:subfield code="b">K10PLUS</marc:subfield></marc:datafield><marc:datafield tag="020" ind1=" " ind2=" "><marc:subfield code="a">9788891320582</marc:subfield><marc:subfield code="q">hbk</marc:subfield></marc:datafield><marc:datafield tag="035" ind1=" " ind2=" "><marc:subfield code="a">(RUG01)003675719</marc:subfield></marc:datafield><marc:datafield tag="035" ind1=" " ind2=" "><marc:subfield code="a">(DE-627)1923192116</marc:subfield></marc:datafield><marc:datafield tag="035" ind1=" " ind2=" "><marc:subfield code="a">(DE-599)BVBBV048891957</marc:subfield></marc:datafield><marc:datafield tag="035" ind1=" " ind2=" "><marc:subfield code="a">(DE-604)BV048891957</marc:subfield></marc:datafield><marc:datafield tag="040" ind1=" " ind2=" "><marc:subfield code="a">DE-627</marc:subfield><marc:subfield code="b">ger</marc:subfield><marc:subfield code="c">DE-627</marc:subfield><marc:subfield code="e">rda</marc:subfield></marc:datafield><marc:datafield tag="041" ind1=" " ind2=" "><marc:subfield code="a">ita</marc:subfield><marc:subfield code="a">lat</marc:subfield><marc:subfield code="h">lat</marc:subfield></marc:datafield><marc:datafield tag="050" ind1="0" ind2="0"><marc:subfield code="a">KJA924.A3</marc:subfield><marc:subfield code="b">A33 2023</marc:subfield></marc:datafield><marc:datafield tag="100" ind1="1" ind2=" "><marc:subfield code="a">Ulpianus, Domitius,</marc:subfield><marc:subfield code="d">160?-228</marc:subfield><marc:subfield code="0">(viaf)100210035</marc:subfield></marc:datafield><marc:datafield tag="245" ind1="1" ind2="0"><marc:subfield code="a">Ad edictum libri IV-VII /</marc:subfield><marc:subfield code="c">Cnaevs Domitivs Vlpianvs;  Antonio Angelosanto, Valerio Marotta, Francesca Pulitanò e.a.</marc:subfield></marc:datafield><marc:datafield tag="264" ind1=" " ind2="1"><marc:subfield code="a">Roma:</marc:subfield><marc:subfield code="b">L&apos;Erma di Bretschneider,</marc:subfield><marc:subfield code="c">2023.</marc:subfield></marc:datafield><marc:datafield tag="300" ind1=" " ind2=" "><marc:subfield code="a">VII, 494 p.</marc:subfield></marc:datafield><marc:datafield tag="490" ind1="0" ind2=" "><marc:subfield code="a">Scriptores iuris Romani ;</marc:subfield><marc:subfield code="x">2612-503X</marc:subfield><marc:subfield code="v">16</marc:subfield></marc:datafield><marc:datafield tag="500" ind1=" " ind2=" "><marc:subfield code="a">Includes bibliographical references</marc:subfield></marc:datafield><marc:datafield tag="546" ind1=" " ind2=" "><marc:subfield code="a">Ad edictum libri I-III /</marc:subfield><marc:subfield code="c">Cnaevs Domitivs Vlpianvs;</marc:subfield></marc:datafield><marc:datafield tag="650" ind1=" " ind2="0"><marc:subfield code="a">Roman law</marc:subfield><marc:subfield code="v">Sources.</marc:subfield></marc:datafield><marc:datafield tag="700" ind1="1" ind2=" "><marc:subfield code="a">Angelosanto, Antonio,</marc:subfield><marc:subfield code="d">1988.-</marc:subfield><marc:subfield code="0">(viaf)44162721134861091597</marc:subfield></marc:datafield><marc:datafield tag="700" ind1="1" ind2=" "><marc:subfield code="a">Marotta, Valerio,</marc:subfield><marc:subfield code="d">1957-</marc:subfield><marc:subfield code="0">(viaf)71634765</marc:subfield></marc:datafield><marc:datafield tag="700" ind1="1" ind2=" "><marc:subfield code="a">Pulitanò, Francesca,</marc:subfield><marc:subfield code="d">....-</marc:subfield><marc:subfield code="0">(viaf)6671463</marc:subfield></marc:datafield><marc:datafield tag="920" ind1=" " ind2=" "><marc:subfield code="a">book</marc:subfield></marc:datafield></marc:record>