<marc:record><marc:leader>02086cam a22003612c 4500</marc:leader><marc:controlfield tag="005">20250929104040.0</marc:controlfield><marc:controlfield tag="008">240830s2024    gw |||||r    |00| ||ger|c</marc:controlfield><marc:controlfield tag="001">990036757180409161</marc:controlfield><marc:datafield tag="SID" ind1=" " ind2=" "><marc:subfield code="a">Z39</marc:subfield><marc:subfield code="b">K10PLUS</marc:subfield></marc:datafield><marc:datafield tag="020" ind1=" " ind2=" "><marc:subfield code="a">9783451396328</marc:subfield><marc:subfield code="q">hbk</marc:subfield></marc:datafield><marc:datafield tag="035" ind1=" " ind2=" "><marc:subfield code="a">(RUG01)003675718</marc:subfield></marc:datafield><marc:datafield tag="035" ind1=" " ind2=" "><marc:subfield code="a">(DE-627)1900819457</marc:subfield></marc:datafield><marc:datafield tag="035" ind1=" " ind2=" "><marc:subfield code="a">(DE-599)KEP106510193</marc:subfield></marc:datafield><marc:datafield tag="035" ind1=" " ind2=" "><marc:subfield code="a">(NOMOS)9783451836336</marc:subfield></marc:datafield><marc:datafield tag="035" ind1=" " ind2=" "><marc:subfield code="a">(DE-627-1)106510193</marc:subfield></marc:datafield><marc:datafield tag="040" ind1=" " ind2=" "><marc:subfield code="a">DE-627</marc:subfield><marc:subfield code="b">ger</marc:subfield><marc:subfield code="c">DE-627</marc:subfield><marc:subfield code="e">rda</marc:subfield></marc:datafield><marc:datafield tag="041" ind1=" " ind2=" "><marc:subfield code="a">ger</marc:subfield></marc:datafield><marc:datafield tag="044" ind1=" " ind2=" "><marc:subfield code="c">XA-DE</marc:subfield></marc:datafield><marc:datafield tag="072" ind1=" " ind2="7"><marc:subfield code="a">1925</marc:subfield><marc:subfield code="2">wsb</marc:subfield></marc:datafield><marc:datafield tag="100" ind1="1" ind2=" "><marc:subfield code="a">Merkt, Andreas,</marc:subfield><marc:subfield code="d">1967-</marc:subfield><marc:subfield code="0">(viaf)14988132</marc:subfield></marc:datafield><marc:datafield tag="245" ind1="1" ind2="4"><marc:subfield code="a">Die religiöse Verwandlung der Welt :</marc:subfield><marc:subfield code="b">Die Anfänge moderner Religion in der Spätantike /</marc:subfield><marc:subfield code="c">Andreas Merkt.</marc:subfield></marc:datafield><marc:datafield tag="260" ind1=" " ind2=" "><marc:subfield code="a">Freiburg :</marc:subfield><marc:subfield code="b">Herder,</marc:subfield><marc:subfield code="c">2024.</marc:subfield></marc:datafield><marc:datafield tag="300" ind1=" " ind2=" "><marc:subfield code="a">826 p.</marc:subfield></marc:datafield><marc:datafield tag="520" ind1=" " ind2=" "><marc:subfield code="a">Das Buch schildert die Entstehung der christlichen Religion, des talmudischen Judentums und des Islam mit ihren vielfältigen Verflechtungen und weltpolitischen Wirkungen. Zugleich zeigt es auf, dass in der Zeit zwischen Jesus und Mohammed das entstanden ist, was wir heute unter Religionen verstehen: überregionale Glaubens­gemein­schaften, die Ethiken propagieren, sozial-karitative Aufgaben erfüllen, politischen Einfluss nehmen und eine Theologie als rationale Reflexion auf ihre Vorstellungen und Praktiken entwickelt haben. Zahlreiche Fallbeispiele illustrieren die Ambivalenzen von Religion: ihre destruktive, aber auch humanisierende Kraft; ihre Rationalität und ihre Irrationalität; ihre verinnerlichenden und individualisierenden Tendenzen, aber auch den Trend zu Kollektivierung und Politisierung. Am Ende dieser Aufarbeitung der Frühgeschichte unserer religiösen Welt steht ein Versuch, auf der Grundlage der historischen Erkenntnisse Voraussetzungen humaner Religion zu identifizieren.</marc:subfield></marc:datafield><marc:datafield tag="650" ind1=" " ind2="4"><marc:subfield code="a">Christentum</marc:subfield></marc:datafield><marc:datafield tag="650" ind1=" " ind2="4"><marc:subfield code="a">Islam</marc:subfield></marc:datafield><marc:datafield tag="650" ind1=" " ind2="4"><marc:subfield code="a">Judentum</marc:subfield></marc:datafield><marc:datafield tag="650" ind1=" " ind2="4"><marc:subfield code="a">Monotheismus</marc:subfield></marc:datafield><marc:datafield tag="650" ind1=" " ind2="4"><marc:subfield code="a">Religion und Gewalt</marc:subfield></marc:datafield><marc:datafield tag="650" ind1=" " ind2="4"><marc:subfield code="a">Religionsgeschichte</marc:subfield></marc:datafield><marc:datafield tag="650" ind1=" " ind2="4"><marc:subfield code="a">Spätantike</marc:subfield></marc:datafield><marc:datafield tag="883" ind1=" " ind2=" "><marc:subfield code="a">cgwrk</marc:subfield><marc:subfield code="d">20241001</marc:subfield><marc:subfield code="q">DE-101</marc:subfield><marc:subfield code="u">https://d-nb.info/provenance/plan#cgwrk</marc:subfield><marc:subfield code="8">1\p</marc:subfield></marc:datafield><marc:datafield tag="920" ind1=" " ind2=" "><marc:subfield code="a">book</marc:subfield></marc:datafield></marc:record>