<marc:record><marc:leader>01017nam a2200253   4500</marc:leader><marc:controlfield tag="005">20250918232117.0</marc:controlfield><marc:controlfield tag="008">090909s2009    ne     |r    |||| ||dut||</marc:controlfield><marc:controlfield tag="001">990036757160409161</marc:controlfield><marc:datafield tag="020" ind1=" " ind2=" "><marc:subfield code="a">9789029085069</marc:subfield><marc:subfield code="q">paperback</marc:subfield></marc:datafield><marc:datafield tag="035" ind1=" " ind2=" "><marc:subfield code="a">(RUG01)003675716</marc:subfield></marc:datafield><marc:datafield tag="040" ind1=" " ind2=" "><marc:subfield code="a">Open Vlacc</marc:subfield><marc:subfield code="b">dut</marc:subfield></marc:datafield><marc:datafield tag="041" ind1=" " ind2=" "><marc:subfield code="h">ita</marc:subfield></marc:datafield><marc:datafield tag="100" ind1="1" ind2=" "><marc:subfield code="a">Malaparte, Curzio,</marc:subfield><marc:subfield code="d">....-</marc:subfield><marc:subfield code="0">(viaf)</marc:subfield><marc:subfield code="4">aut</marc:subfield></marc:datafield><marc:datafield tag="245" ind1="1" ind2="0"><marc:subfield code="a">Techniek van de staatsgreep /</marc:subfield><marc:subfield code="c">Curzio Malaparte ; vertaald door Frans Denissen en Peter Westerlaken ; met een nawoord van H.J.A. Hofland.</marc:subfield></marc:datafield><marc:datafield tag="250" ind1=" " ind2=" "><marc:subfield code="a">Herziene versie van de editie die in 1987 verscheen bij Manteau Antwerpen/Amsterdam</marc:subfield></marc:datafield><marc:datafield tag="260" ind1=" " ind2=" "><marc:subfield code="a">Amsterdam :</marc:subfield><marc:subfield code="b">Meulenhoff,</marc:subfield><marc:subfield code="c">2009.</marc:subfield></marc:datafield><marc:datafield tag="300" ind1=" " ind2=" "><marc:subfield code="a">208 p.</marc:subfield></marc:datafield><marc:datafield tag="534" ind1=" " ind2=" "><marc:subfield code="a">Tecnica del colpo di stato</marc:subfield></marc:datafield><marc:datafield tag="541" ind1=" " ind2=" "><marc:subfield code="3">PSBIB.JA76.027</marc:subfield><marc:subfield code="c">Schenking</marc:subfield><marc:subfield code="a">De Ley, Herman</marc:subfield><marc:subfield code="d">00/00/0000</marc:subfield></marc:datafield><marc:datafield tag="700" ind1="1" ind2=" "><marc:subfield code="a">Denissen, Frans</marc:subfield><marc:subfield code="q">(Frans Jules),</marc:subfield><marc:subfield code="d">1947-</marc:subfield><marc:subfield code="0">(viaf)246119</marc:subfield><marc:subfield code="4">trl</marc:subfield></marc:datafield><marc:datafield tag="700" ind1="1" ind2=" "><marc:subfield code="a">Westerlaken, Peter,</marc:subfield><marc:subfield code="d">....-</marc:subfield><marc:subfield code="0">(viaf)</marc:subfield><marc:subfield code="4">trl</marc:subfield></marc:datafield><marc:datafield tag="700" ind1="1" ind2=" "><marc:subfield code="a">Hofland, H. J. A.</marc:subfield><marc:subfield code="q">(Hendrik J. A.),</marc:subfield><marc:subfield code="d">1927-2016</marc:subfield><marc:subfield code="0">(viaf)45365395</marc:subfield></marc:datafield><marc:datafield tag="920" ind1=" " ind2=" "><marc:subfield code="a">book</marc:subfield></marc:datafield><marc:datafield tag="SID" ind1=" " ind2=" "><marc:subfield code="a">Z39</marc:subfield><marc:subfield code="b">NOMUSIC</marc:subfield></marc:datafield></marc:record>