<marc:record><marc:leader>01068cam a2200325 c 4500</marc:leader><marc:controlfield tag="005">20251008195808.0</marc:controlfield><marc:controlfield tag="008">230606s2023    it |||||r    |00| ||mul|c</marc:controlfield><marc:controlfield tag="001">990036757150409161</marc:controlfield><marc:datafield tag="SID" ind1=" " ind2=" "><marc:subfield code="a">Z39</marc:subfield><marc:subfield code="b">K10PLUS</marc:subfield></marc:datafield><marc:datafield tag="020" ind1=" " ind2=" "><marc:subfield code="a">9788891319968</marc:subfield><marc:subfield code="q">hbk</marc:subfield></marc:datafield><marc:datafield tag="035" ind1=" " ind2=" "><marc:subfield code="a">(RUG01)003675715</marc:subfield></marc:datafield><marc:datafield tag="035" ind1=" " ind2=" "><marc:subfield code="a">(DE-627)1847446728</marc:subfield></marc:datafield><marc:datafield tag="035" ind1=" " ind2=" "><marc:subfield code="a">(DE-599)KXP1847446728</marc:subfield></marc:datafield><marc:datafield tag="035" ind1=" " ind2=" "><marc:subfield code="a">(OCoLC)1385300342</marc:subfield></marc:datafield><marc:datafield tag="035" ind1=" " ind2=" "><marc:subfield code="a">(ZDB-21-EIL)5487540</marc:subfield></marc:datafield><marc:datafield tag="040" ind1=" " ind2=" "><marc:subfield code="a">DE-627</marc:subfield><marc:subfield code="b">ger</marc:subfield><marc:subfield code="c">DE-627</marc:subfield><marc:subfield code="e">rda</marc:subfield></marc:datafield><marc:datafield tag="041" ind1=" " ind2=" "><marc:subfield code="a">ita</marc:subfield><marc:subfield code="a">lat</marc:subfield><marc:subfield code="h">lat</marc:subfield></marc:datafield><marc:datafield tag="050" ind1=" " ind2="0"><marc:subfield code="a">K</marc:subfield></marc:datafield><marc:datafield tag="082" ind1="0" ind2=" "><marc:subfield code="a">340</marc:subfield></marc:datafield><marc:datafield tag="084" ind1=" " ind2=" "><marc:subfield code="a">86.09</marc:subfield><marc:subfield code="2">bkl</marc:subfield></marc:datafield><marc:datafield tag="084" ind1=" " ind2=" "><marc:subfield code="a">86.11</marc:subfield><marc:subfield code="2">bkl</marc:subfield></marc:datafield><marc:datafield tag="100" ind1="1" ind2=" "><marc:subfield code="a">Paulus, Iulius,</marc:subfield><marc:subfield code="d">active approximately 200</marc:subfield><marc:subfield code="0">(viaf)264714449</marc:subfield></marc:datafield><marc:datafield tag="245" ind1="1" ind2="0"><marc:subfield code="a">Ad legem ivliam et papiam libri X /</marc:subfield><marc:subfield code="c">Ivlivs Pavlvs; Iolanda Ruggiero.</marc:subfield></marc:datafield><marc:datafield tag="246" ind1="3" ind2="3"><marc:subfield code="a">Ad legem iuliam et papiam libri X</marc:subfield></marc:datafield><marc:datafield tag="260" ind1=" " ind2="1"><marc:subfield code="a">Roma :</marc:subfield><marc:subfield code="b">L&apos;Erma di Bretschneider,</marc:subfield><marc:subfield code="c">2023.</marc:subfield></marc:datafield><marc:datafield tag="300" ind1=" " ind2=" "><marc:subfield code="a">247 p.</marc:subfield></marc:datafield><marc:datafield tag="490" ind1="0" ind2=" "><marc:subfield code="a">Scriptores ivris Romani ;</marc:subfield><marc:subfield code="x">2612-503X</marc:subfield><marc:subfield code="v">18</marc:subfield></marc:datafield><marc:datafield tag="546" ind1=" " ind2=" "><marc:subfield code="a">Tekst in Latijn met inleiding, vertaling en commentaar in het Italiaans</marc:subfield></marc:datafield><marc:datafield tag="700" ind1="1" ind2=" "><marc:subfield code="a">Ruggiero, Iolanda,</marc:subfield><marc:subfield code="d">....-</marc:subfield><marc:subfield code="0">(viaf)28153651667255781564</marc:subfield></marc:datafield><marc:datafield tag="920" ind1=" " ind2=" "><marc:subfield code="a">book</marc:subfield></marc:datafield></marc:record>