<marc:record><marc:leader>01804nam a2200217 u 4500</marc:leader><marc:controlfield tag="005">20250918232111.0</marc:controlfield><marc:controlfield tag="008">250730s2025    be     |r|   |000 ||dut|d</marc:controlfield><marc:controlfield tag="001">990036757080409161</marc:controlfield><marc:datafield tag="020" ind1=" " ind2=" "><marc:subfield code="a">9789400017368</marc:subfield></marc:datafield><marc:datafield tag="035" ind1=" " ind2=" "><marc:subfield code="a">(RUG01)003675708</marc:subfield></marc:datafield><marc:datafield tag="035" ind1=" " ind2=" "><marc:subfield code="a">(BeLVLBS)9994540470801471</marc:subfield></marc:datafield><marc:datafield tag="040" ind1=" " ind2=" "><marc:subfield code="a">BeLVLBS</marc:subfield><marc:subfield code="b">Language of cataloging varies</marc:subfield><marc:subfield code="e">rda based</marc:subfield></marc:datafield><marc:datafield tag="245" ind1="0" ind2="0"><marc:subfield code="a">Vlanot jaarboek 2024 /</marc:subfield><marc:subfield code="c">Vlanot by Fednot (eds.).</marc:subfield></marc:datafield><marc:datafield tag="250" ind1=" " ind2=" "><marc:subfield code="a">6e editie</marc:subfield></marc:datafield><marc:datafield tag="260" ind1=" " ind2=" "><marc:subfield code="a">Brussel :</marc:subfield><marc:subfield code="b">Larcier Intersentia,</marc:subfield><marc:subfield code="c">2025.</marc:subfield></marc:datafield><marc:datafield tag="264" ind1=" " ind2="1"><marc:subfield code="a">Brussel :</marc:subfield><marc:subfield code="b">Larcier Intersentia,</marc:subfield><marc:subfield code="c">2025.</marc:subfield></marc:datafield><marc:datafield tag="300" ind1=" " ind2=" "><marc:subfield code="a">XXVIII, 647 p.</marc:subfield></marc:datafield><marc:datafield tag="520" ind1="3" ind2=" "><marc:subfield code="a">Jaarlijks kloppen 3,5 miljoen burgers op belangrijke momenten in hun leven aan bij de notariskantoren. Notarissen en hun medewerkers werken in een diverse wereld die constant in beweging is. Voortdurend aanpassen aan wat er leeft in de maatschappij is cruciaal en hoognodig.De regelgeving, het werkinstrument bij uitstek van elke notaris, neemt jaar na jaar in omvang toe en wijzigt regelmatig. Federale, regionale en Europese wetgevende initiatieven spelen in op maatschappelijke evoluties. Digitalisering is niet meer weg te denken uit onze samenleving. Het ruime aanbod aan (digitale) studiedagen van Vlanot tracht iedereen die werkzaam is binnen het notariaat vertrouwd te maken met de nieuwigheden in het vakgebied. Dit jaarboek bundelt enkele teksten van auteurs met voeling voor de dagdagelijkse notariële praktijk. Zij kleurden mee onze (digitale) studiedagen in 2024 met hun boeiende uiteenzettingen.Vlanot Jaarboek 2024 bevat bijdragen in volgende domeinen: testamenten, zorgvolmachten, vastgoedfiscaliteit, civielrechtelijke aspecten van vastgoedtransacties en rechtspersonen. (source: publisher&apos;s website)</marc:subfield></marc:datafield><marc:datafield tag="710" ind1="1" ind2=" "><marc:subfield code="a">Koninklijke Federatie van het Belgisch Notariaat</marc:subfield></marc:datafield><marc:datafield tag="920" ind1=" " ind2=" "><marc:subfield code="a">book</marc:subfield></marc:datafield><marc:datafield tag="SID" ind1=" " ind2=" "><marc:subfield code="a">Z39</marc:subfield><marc:subfield code="b">32KUL_LIBIS_NETWORK</marc:subfield></marc:datafield></marc:record>