<marc:record><marc:leader>00466nam a2200169 a 4500</marc:leader><marc:controlfield tag="005">20250918232113.0</marc:controlfield><marc:controlfield tag="008">250807|2015||||xx |||||r|||||||| ||eng|d</marc:controlfield><marc:controlfield tag="001">990036757060409161</marc:controlfield><marc:datafield tag="020" ind1=" " ind2=" "><marc:subfield code="a">9781119075516</marc:subfield></marc:datafield><marc:datafield tag="035" ind1=" " ind2=" "><marc:subfield code="a">(RUG01)003675706</marc:subfield></marc:datafield><marc:datafield tag="040" ind1=" " ind2=" "><marc:subfield code="a">BE-GnUNI</marc:subfield></marc:datafield><marc:datafield tag="100" ind1="1" ind2=" "><marc:subfield code="a">Schermerhorn, John R.,</marc:subfield><marc:subfield code="d">....-</marc:subfield><marc:subfield code="0">(viaf)59264600</marc:subfield></marc:datafield><marc:datafield tag="245" ind1="1" ind2="0"><marc:subfield code="a">Introduction to Management /</marc:subfield><marc:subfield code="c">John R. Schermerhorn.</marc:subfield></marc:datafield><marc:datafield tag="250" ind1=" " ind2=" "><marc:subfield code="a">13th ed.</marc:subfield></marc:datafield><marc:datafield tag="260" ind1=" " ind2=" "><marc:subfield code="a">New York :</marc:subfield><marc:subfield code="b">Wiley,</marc:subfield><marc:subfield code="c">2015.</marc:subfield></marc:datafield><marc:datafield tag="300" ind1=" " ind2=" "><marc:subfield code="a">X p.</marc:subfield></marc:datafield><marc:datafield tag="920" ind1=" " ind2=" "><marc:subfield code="a">book</marc:subfield></marc:datafield></marc:record>