<marc:record><marc:leader>03271cam a2200457 i 4500</marc:leader><marc:controlfield tag="005">20250930111552.0</marc:controlfield><marc:controlfield tag="008">230426s2022    be     |rb   |101 ||mul|d</marc:controlfield><marc:controlfield tag="001">990036757030409161</marc:controlfield><marc:datafield tag="SID" ind1=" " ind2=" "><marc:subfield code="a">Z39</marc:subfield><marc:subfield code="b">LOC</marc:subfield></marc:datafield><marc:datafield tag="010" ind1=" " ind2=" "><marc:subfield code="a">2022436037</marc:subfield></marc:datafield><marc:datafield tag="016" ind1="7" ind2=" "><marc:subfield code="a">020799872</marc:subfield><marc:subfield code="2">Uk</marc:subfield></marc:datafield><marc:datafield tag="020" ind1=" " ind2=" "><marc:subfield code="a">9789042949447</marc:subfield><marc:subfield code="q">pbk</marc:subfield></marc:datafield><marc:datafield tag="035" ind1=" " ind2=" "><marc:subfield code="a">(RUG01)003675703</marc:subfield></marc:datafield><marc:datafield tag="035" ind1=" " ind2=" "><marc:subfield code="a">23083080</marc:subfield></marc:datafield><marc:datafield tag="035" ind1=" " ind2=" "><marc:subfield code="a">(OCoLC)1349332792</marc:subfield></marc:datafield><marc:datafield tag="040" ind1=" " ind2=" "><marc:subfield code="a">OHX</marc:subfield><marc:subfield code="b">eng</marc:subfield><marc:subfield code="c">OHX</marc:subfield><marc:subfield code="d">YDX</marc:subfield><marc:subfield code="d">UKMGB</marc:subfield><marc:subfield code="d">OTZ</marc:subfield><marc:subfield code="d">IND</marc:subfield><marc:subfield code="d">ISB</marc:subfield><marc:subfield code="d">PTS</marc:subfield><marc:subfield code="d">OCLCF</marc:subfield><marc:subfield code="d">CDX</marc:subfield><marc:subfield code="d">JES</marc:subfield><marc:subfield code="d">CGU</marc:subfield><marc:subfield code="d">OCL</marc:subfield><marc:subfield code="d">ZYU</marc:subfield><marc:subfield code="d">DLC</marc:subfield><marc:subfield code="e">rda</marc:subfield></marc:datafield><marc:datafield tag="041" ind1="0" ind2=" "><marc:subfield code="a">eng</marc:subfield><marc:subfield code="a">fre</marc:subfield><marc:subfield code="a">ger</marc:subfield></marc:datafield><marc:datafield tag="042" ind1=" " ind2=" "><marc:subfield code="a">lccopycat</marc:subfield></marc:datafield><marc:datafield tag="043" ind1=" " ind2=" "><marc:subfield code="a">e------</marc:subfield><marc:subfield code="a">ff-----</marc:subfield><marc:subfield code="a">aw-----</marc:subfield></marc:datafield><marc:datafield tag="050" ind1="0" ind2="0"><marc:subfield code="a">BR67</marc:subfield><marc:subfield code="b">.O5 2022</marc:subfield></marc:datafield><marc:datafield tag="072" ind1=" " ind2="7"><marc:subfield code="a">BS</marc:subfield><marc:subfield code="2">lcco</marc:subfield></marc:datafield><marc:datafield tag="072" ind1=" " ind2="7"><marc:subfield code="a">PA</marc:subfield><marc:subfield code="2">lcco</marc:subfield></marc:datafield><marc:datafield tag="082" ind1="0" ind2="4"><marc:subfield code="a">208</marc:subfield><marc:subfield code="2">23/eng/20221229</marc:subfield></marc:datafield><marc:datafield tag="245" ind1="0" ind2="0"><marc:subfield code="a">On using sources in Graeco-Roman, Jewish and early Christian literature /</marc:subfield><marc:subfield code="c">edited by Joseph Verheyden, John S. Kloppenborg, Geert Roskam e.a.</marc:subfield></marc:datafield><marc:datafield tag="260" ind1=" " ind2=" "><marc:subfield code="a">Leuven :</marc:subfield><marc:subfield code="b">Peeters,</marc:subfield><marc:subfield code="c">2022.</marc:subfield></marc:datafield><marc:datafield tag="300" ind1=" " ind2=" "><marc:subfield code="a">XV, 430 p.</marc:subfield></marc:datafield><marc:datafield tag="490" ind1="0" ind2=" "><marc:subfield code="a">Bibliotheca Ephemeridum theologicarum Lovaniensium ;</marc:subfield><marc:subfield code="v">327</marc:subfield></marc:datafield><marc:datafield tag="504" ind1=" " ind2=" "><marc:subfield code="a">Includes bibliographical references and indexes.</marc:subfield></marc:datafield><marc:datafield tag="520" ind1=" " ind2=" "><marc:subfield code="a">&quot;The present volume contains a selection of papers read at the ninth international conference of the Leuven Centre for the Study of the Gospels which was held at Leuven 9-11 December 2019 and dealt with the study of sources in Graeco-Roman, Second Temple and early Christian literature. The purpose of the conference was to bring together specialists of source-critical studies in these areas to look for parallels, patterns, and of course also differences in the way written sources are identified, used to explain the compositional history of a work, reconstructed, and generally evaluated as basic material for authors to compose and redact new texts. The essays address three general fields of interest: methodological principles for working with sources; concrete ways of using sources; and hypothetical or fragmented sources. The last one is perhaps the most debated aspect and has led some scholars to abandon the approach as such. The heyday of source criticism seems long gone, at least in biblical studies, but like other methods and approaches, this one too has never completely disappeared from the radar. The hypothetical character of synoptic and other source-critical theories and the finesses of reconstructing an author&apos;s sources remain fascinating issues in which historical, literary, and social aspects come together to shed light on ancient compositional strategies and practices. It is to these issues that this volume hopes to contribute.&quot; --</marc:subfield><marc:subfield code="c">Page 4 of cover.</marc:subfield></marc:datafield><marc:datafield tag="546" ind1=" " ind2=" "><marc:subfield code="a">Bijdragen in Engels, Frans en Duits</marc:subfield></marc:datafield><marc:datafield tag="650" ind1=" " ind2="0"><marc:subfield code="a">Christian literature, Early</marc:subfield><marc:subfield code="v">Congresses.</marc:subfield><marc:subfield code="x">Criticism, Textual</marc:subfield></marc:datafield><marc:datafield tag="650" ind1=" " ind2="0"><marc:subfield code="a">Christian literature, Early</marc:subfield><marc:subfield code="v">Congresses.</marc:subfield><marc:subfield code="x">Sources</marc:subfield></marc:datafield><marc:datafield tag="650" ind1=" " ind2="0"><marc:subfield code="a">Classical literature</marc:subfield><marc:subfield code="v">Congresses.</marc:subfield><marc:subfield code="x">Criticism, Textual</marc:subfield></marc:datafield><marc:datafield tag="650" ind1=" " ind2="0"><marc:subfield code="a">Classical literature</marc:subfield><marc:subfield code="v">Congresses.</marc:subfield><marc:subfield code="x">Sources</marc:subfield></marc:datafield><marc:datafield tag="650" ind1=" " ind2="0"><marc:subfield code="a">Jewish religious literature</marc:subfield><marc:subfield code="v">Congresses.</marc:subfield><marc:subfield code="x">Criticism, Textual</marc:subfield></marc:datafield><marc:datafield tag="650" ind1=" " ind2="0"><marc:subfield code="a">Jewish religious literature</marc:subfield><marc:subfield code="v">Congresses.</marc:subfield><marc:subfield code="x">Sources</marc:subfield></marc:datafield><marc:datafield tag="700" ind1="1" ind2=" "><marc:subfield code="a">Verheyden, Joseph,</marc:subfield><marc:subfield code="d">1957-</marc:subfield><marc:subfield code="0">(viaf)49349407</marc:subfield></marc:datafield><marc:datafield tag="700" ind1="1" ind2=" "><marc:subfield code="a">Kloppenborg, John S.,</marc:subfield><marc:subfield code="d">1951-</marc:subfield><marc:subfield code="0">(viaf)104674485</marc:subfield></marc:datafield><marc:datafield tag="700" ind1="1" ind2=" "><marc:subfield code="a">Roskam, Geert,</marc:subfield><marc:subfield code="d">1973-</marc:subfield><marc:subfield code="0">(viaf)44558277</marc:subfield></marc:datafield><marc:datafield tag="830" ind1=" " ind2="0"><marc:subfield code="a">Bibliotheca Ephemeridum theologicarum Lovaniensium ;</marc:subfield><marc:subfield code="v">327.</marc:subfield></marc:datafield><marc:datafield tag="920" ind1=" " ind2=" "><marc:subfield code="a">book</marc:subfield></marc:datafield></marc:record>