<marc:record><marc:leader>00903cam a2200277 i 4500</marc:leader><marc:controlfield tag="005">20251016114547.0</marc:controlfield><marc:controlfield tag="008">230308s2023    it     |rb   |001 |dita|d</marc:controlfield><marc:controlfield tag="001">990036756980409161</marc:controlfield><marc:datafield tag="SID" ind1=" " ind2=" "><marc:subfield code="a">Z39</marc:subfield><marc:subfield code="b">LOC</marc:subfield></marc:datafield><marc:datafield tag="010" ind1=" " ind2=" "><marc:subfield code="a">2023372629</marc:subfield></marc:datafield><marc:datafield tag="020" ind1=" " ind2=" "><marc:subfield code="a">9788891328106</marc:subfield></marc:datafield><marc:datafield tag="035" ind1=" " ind2=" "><marc:subfield code="a">(RUG01)003675698</marc:subfield></marc:datafield><marc:datafield tag="035" ind1=" " ind2=" "><marc:subfield code="a">23132630</marc:subfield></marc:datafield><marc:datafield tag="035" ind1=" " ind2=" "><marc:subfield code="a">(ItFiC)5431353</marc:subfield></marc:datafield><marc:datafield tag="035" ind1=" " ind2=" "><marc:subfield code="a">(OCoLC)1374063418</marc:subfield></marc:datafield><marc:datafield tag="040" ind1=" " ind2=" "><marc:subfield code="a">ItFiC</marc:subfield><marc:subfield code="c">ItFiC</marc:subfield><marc:subfield code="d">DLC</marc:subfield><marc:subfield code="e">rda</marc:subfield></marc:datafield><marc:datafield tag="050" ind1="0" ind2="0"><marc:subfield code="a">DG506</marc:subfield><marc:subfield code="b">.C75 2023</marc:subfield></marc:datafield><marc:datafield tag="100" ind1="1" ind2=" "><marc:subfield code="a">Cristini, Marco,</marc:subfield><marc:subfield code="d">1992-</marc:subfield><marc:subfield code="0">(viaf)12166714070226882678</marc:subfield></marc:datafield><marc:datafield tag="245" ind1="1" ind2="3"><marc:subfield code="a">La politica esterna dei successori di Teoderico /</marc:subfield><marc:subfield code="c">Marco Cristini.</marc:subfield></marc:datafield><marc:datafield tag="260" ind1=" " ind2=" "><marc:subfield code="a">Roma :</marc:subfield><marc:subfield code="b">L&apos;Erma di Bretschneider,</marc:subfield><marc:subfield code="c">2023.</marc:subfield></marc:datafield><marc:datafield tag="300" ind1=" " ind2=" "><marc:subfield code="a">367 p.</marc:subfield></marc:datafield><marc:datafield tag="490" ind1="0" ind2=" "><marc:subfield code="a">Saggi di storia antica ;</marc:subfield><marc:subfield code="x">2612-3762</marc:subfield><marc:subfield code="v">44</marc:subfield></marc:datafield><marc:datafield tag="504" ind1=" " ind2=" "><marc:subfield code="a">Includes bibliographical references (pages 319-359) and index.</marc:subfield></marc:datafield><marc:datafield tag="650" ind1=" " ind2="0"><marc:subfield code="a">Ostrogoths</marc:subfield><marc:subfield code="x">History.</marc:subfield><marc:subfield code="z">Italy</marc:subfield></marc:datafield><marc:datafield tag="650" ind1=" " ind2="0"><marc:subfield code="a">Ostrogoths</marc:subfield><marc:subfield code="v">Biography.</marc:subfield><marc:subfield code="x">Kings and rulers</marc:subfield></marc:datafield><marc:datafield tag="920" ind1=" " ind2=" "><marc:subfield code="a">book</marc:subfield></marc:datafield></marc:record>