<marc:record><marc:leader>01302cam a2200301u  4500</marc:leader><marc:controlfield tag="005">20251124105056.0</marc:controlfield><marc:controlfield tag="008">240626s2025    dcu    |r|   |0|| ||mul|d</marc:controlfield><marc:controlfield tag="001">990036756970409161</marc:controlfield><marc:datafield tag="SID" ind1=" " ind2=" "><marc:subfield code="a">Z39</marc:subfield><marc:subfield code="b">32KUL_LIBIS_NETWORK</marc:subfield></marc:datafield><marc:datafield tag="020" ind1=" " ind2=" "><marc:subfield code="a">9780813238845</marc:subfield><marc:subfield code="q">v.1</marc:subfield></marc:datafield><marc:datafield tag="020" ind1=" " ind2=" "><marc:subfield code="a">9780813238869</marc:subfield><marc:subfield code="q">v.2</marc:subfield></marc:datafield><marc:datafield tag="035" ind1=" " ind2=" "><marc:subfield code="a">(RUG01)003675697</marc:subfield></marc:datafield><marc:datafield tag="035" ind1=" " ind2=" "><marc:subfield code="a">on1442322728</marc:subfield></marc:datafield><marc:datafield tag="035" ind1=" " ind2=" "><marc:subfield code="a">(BeLVLBS)9994419657701471</marc:subfield></marc:datafield><marc:datafield tag="040" ind1=" " ind2=" "><marc:subfield code="a">YDX</marc:subfield><marc:subfield code="b">eng</marc:subfield><marc:subfield code="e">rda based</marc:subfield></marc:datafield><marc:datafield tag="041" ind1="1" ind2=" "><marc:subfield code="a">eng</marc:subfield><marc:subfield code="a">grc</marc:subfield><marc:subfield code="h">grc</marc:subfield></marc:datafield><marc:datafield tag="050" ind1="0" ind2="0"><marc:subfield code="a">BR65.T752</marc:subfield><marc:subfield code="b">E5 2025</marc:subfield></marc:datafield><marc:datafield tag="100" ind1="1" ind2=" "><marc:subfield code="a">Theodoretus Cyrensis,</marc:subfield><marc:subfield code="c">Bisschop,</marc:subfield><marc:subfield code="d">393-466</marc:subfield><marc:subfield code="0">(viaf)77111352</marc:subfield></marc:datafield><marc:datafield tag="245" ind1="1" ind2="4"><marc:subfield code="a">The correspondence of Theodoret of Cyrus /</marc:subfield><marc:subfield code="c">Theodoret of Cyrus ; Greek text edited and translated by John F. Petruccione ; introduction by István Pásztori-Kupán ; commentary by John F. Petruccione and István Pásztori-Kupán</marc:subfield></marc:datafield><marc:datafield tag="246" ind1=" " ind2=" "><marc:subfield code="a">The correspondence of Theodoret of Cyrus : the Collectio Sirmondiana</marc:subfield></marc:datafield><marc:datafield tag="260" ind1=" " ind2=" "><marc:subfield code="a">Washington (D.C.) :</marc:subfield><marc:subfield code="b">Catholic university of America press,</marc:subfield><marc:subfield code="c">2025.</marc:subfield></marc:datafield><marc:datafield tag="300" ind1=" " ind2=" "><marc:subfield code="a">2 v.</marc:subfield></marc:datafield><marc:datafield tag="490" ind1=" " ind2="0"><marc:subfield code="a">The library of Early Christianity ;</marc:subfield><marc:subfield code="v">4-5</marc:subfield></marc:datafield><marc:datafield tag="505" ind1="0" ind2=" "><marc:subfield code="a">1. The correspondence of Theodoret of Cyrus (1-80)</marc:subfield></marc:datafield><marc:datafield tag="505" ind1="0" ind2=" "><marc:subfield code="a">2. The correspondence of Theodoret of Cyrus (81-147)</marc:subfield></marc:datafield><marc:datafield tag="700" ind1="1" ind2=" "><marc:subfield code="a">Petruccione, John F.</marc:subfield><marc:subfield code="d">1950-</marc:subfield><marc:subfield code="0">(viaf)116240995</marc:subfield></marc:datafield><marc:datafield tag="700" ind1="1" ind2=" "><marc:subfield code="a">Pásztori-Kupán, István</marc:subfield><marc:subfield code="d">....-</marc:subfield><marc:subfield code="0">(viaf)60964516</marc:subfield></marc:datafield><marc:datafield tag="920" ind1=" " ind2=" "><marc:subfield code="a">book</marc:subfield></marc:datafield></marc:record>