<marc:record><marc:leader>02825nam a2200217 a 4500</marc:leader><marc:controlfield tag="005">20251007110337.0</marc:controlfield><marc:controlfield tag="008">250807|2025    fr |||||r|||||||| ||fre|d</marc:controlfield><marc:controlfield tag="001">990036756960409161</marc:controlfield><marc:datafield tag="020" ind1=" " ind2=" "><marc:subfield code="a">9782251457253</marc:subfield><marc:subfield code="q">pbk</marc:subfield></marc:datafield><marc:datafield tag="035" ind1=" " ind2=" "><marc:subfield code="a">(RUG01)003675696</marc:subfield></marc:datafield><marc:datafield tag="040" ind1=" " ind2=" "><marc:subfield code="a">BE-GnUNI</marc:subfield></marc:datafield><marc:datafield tag="041" ind1=" " ind2=" "><marc:subfield code="a">fre</marc:subfield><marc:subfield code="h">grc</marc:subfield></marc:datafield><marc:datafield tag="050" ind1=" " ind2="4"><marc:subfield code="a">BR65.T753</marc:subfield><marc:subfield code="b">Q83214 2025</marc:subfield></marc:datafield><marc:datafield tag="100" ind1="1" ind2=" "><marc:subfield code="a">Theodoretus Cyrensis,</marc:subfield><marc:subfield code="d">393-466 (viaf)77111352</marc:subfield></marc:datafield><marc:datafield tag="245" ind1="1" ind2="0"><marc:subfield code="a">Questions sur la Genèse /</marc:subfield><marc:subfield code="c">Théodoret de Cyrtraduction; traduction du grec, introduction et notes de Sophie de Cumond.</marc:subfield></marc:datafield><marc:datafield tag="260" ind1=" " ind2=" "><marc:subfield code="a">Paris :</marc:subfield><marc:subfield code="b">Belles lettres,</marc:subfield><marc:subfield code="c">2025.</marc:subfield></marc:datafield><marc:datafield tag="300" ind1=" " ind2=" "><marc:subfield code="a">265 p.</marc:subfield></marc:datafield><marc:datafield tag="490" ind1="0" ind2=" "><marc:subfield code="a">Bibliothèque de l&apos;Orient chrétien ;</marc:subfield><marc:subfield code="v">8</marc:subfield></marc:datafield><marc:datafield tag="520" ind1=" " ind2=" "><marc:subfield code="a">&quot;Pourquoi Ève fut-elle créée à partir d&apos;une côte d&apos;Adam? Que mangeaient les bêtes sauvages dans l&apos;arche? Comment justifier l&apos;inceste de Lot? C&apos;est à des questions de ce type que Théodoret de Cyr, exégète et théologien du nord de la Syrie, entreprend de répondre au milieu du ve siècle. Désireux de former ses fidèles, il compose une sorte de manuel d&apos;étude de la Bible sous forme de questions-réponses, dont le premier livre est consacré à la Genèse. Cette oeuvre, facile d&apos;accès, recueille l&apos;héritage d&apos;une longue tradition interprétative : pendant quatre siècles, les commentateurs n&apos;ont cessé d&apos;interpréter la Bible à la lumière du christianisme, en soulevant constamment de nouvelles questions. Théodoret, de langue et de culture grecques, s&apos;appuie sur ses prédécesseurs pour expliquer les passages difficiles, justifier l&apos;historicité du récit et comprendre pourquoi le texte utilise un langage parfois contradictoire, dans le but de saisir l&apos;enseignement divin caché à travers l&apos;histoire. La recherche actuelle redécouvre avec un intérêt sans cesse accru l&apos;oeuvre exégétique de l&apos;évêque de Cyr, tant elle est riche et condense le trésor d une réflexion mûrie au fil des siècles. À la frontière entre différents types d&apos;interprétations, et à une époque charnière qui marque la fin de l&apos;Antiquité, Théodoret possède une largeur de vue qui lui permet d&apos;intégrer des exégèses variées, offrant ainsi au lecteur moderne un témoignage précieux de la manière dont les chrétiens orientaux comprenaient la Genèse au milieu du Ve siècle.&quot; --</marc:subfield><marc:subfield code="c">Publisher, page four of cover.</marc:subfield></marc:datafield><marc:datafield tag="700" ind1="1" ind2=" "><marc:subfield code="a">de Cumond, Sophie,</marc:subfield><marc:subfield code="d">1988-</marc:subfield><marc:subfield code="0">(viaf)79166596856317591674</marc:subfield></marc:datafield><marc:datafield tag="920" ind1=" " ind2=" "><marc:subfield code="a">book</marc:subfield></marc:datafield></marc:record>