<marc:record><marc:leader>01406cam a22002778i 4500</marc:leader><marc:controlfield tag="005">20251103132920.0</marc:controlfield><marc:controlfield tag="008">250219s2025    enk    |rb   |000 ||eng||</marc:controlfield><marc:controlfield tag="001">990036756940409161</marc:controlfield><marc:datafield tag="SID" ind1=" " ind2=" "><marc:subfield code="a">Z39</marc:subfield><marc:subfield code="b">LOC</marc:subfield></marc:datafield><marc:datafield tag="010" ind1=" " ind2=" "><marc:subfield code="a">2025004110</marc:subfield></marc:datafield><marc:datafield tag="020" ind1=" " ind2=" "><marc:subfield code="a">9781009610629</marc:subfield><marc:subfield code="q">hbk</marc:subfield></marc:datafield><marc:datafield tag="035" ind1=" " ind2=" "><marc:subfield code="a">(RUG01)003675694</marc:subfield></marc:datafield><marc:datafield tag="035" ind1=" " ind2=" "><marc:subfield code="a">24035793</marc:subfield></marc:datafield><marc:datafield tag="040" ind1=" " ind2=" "><marc:subfield code="a">DLC</marc:subfield><marc:subfield code="b">eng</marc:subfield><marc:subfield code="c">DLC</marc:subfield><marc:subfield code="d">DLC</marc:subfield><marc:subfield code="e">rda</marc:subfield></marc:datafield><marc:datafield tag="042" ind1=" " ind2=" "><marc:subfield code="a">pcc</marc:subfield></marc:datafield><marc:datafield tag="050" ind1="0" ind2="0"><marc:subfield code="a">BS2900.H5</marc:subfield><marc:subfield code="b">B66 2025</marc:subfield></marc:datafield><marc:datafield tag="100" ind1="1" ind2=" "><marc:subfield code="a">Bonar, Chance E.,</marc:subfield><marc:subfield code="d">1993-</marc:subfield><marc:subfield code="0">(viaf)3194163877723646060002</marc:subfield></marc:datafield><marc:datafield tag="245" ind1="1" ind2="0"><marc:subfield code="a">God, slavery and early Christianity :</marc:subfield><marc:subfield code="b">exploitation and ethical formation in the &quot;Shepherd of Hermas&quot; /</marc:subfield><marc:subfield code="c">Chance E. Bonar</marc:subfield></marc:datafield><marc:datafield tag="264" ind1=" " ind2="1"><marc:subfield code="a">Cambridge :</marc:subfield><marc:subfield code="b">Cambridge university press,</marc:subfield><marc:subfield code="c">2025.</marc:subfield></marc:datafield><marc:datafield tag="300" ind1=" " ind2=" "><marc:subfield code="a">XIV, 317 p.</marc:subfield></marc:datafield><marc:datafield tag="500" ind1=" " ind2=" "><marc:subfield code="a">Revision of the author&apos;s thesis (PhD, Harvard University, 2023) under the title: Enslaved to God: slavery and divine despotics in the Shepherd of Hermas.</marc:subfield></marc:datafield><marc:datafield tag="504" ind1=" " ind2=" "><marc:subfield code="a">Includes bibliographical references.</marc:subfield></marc:datafield><marc:datafield tag="520" ind1=" " ind2=" "><marc:subfield code="a">&quot;&quot;Ancient Christians understood themselves to be enslaved to God, which affected their ethics, theology, and self-understanding. This book analyzes the Shepherd of Hermas, an overlooked early Christian text written by an enslaved person, which was nearly included in the New Testament, to map the effects of divine slavery.&quot;&quot;--</marc:subfield><marc:subfield code="c">Provided by publisher.</marc:subfield></marc:datafield><marc:datafield tag="600" ind1="0" ind2="0"><marc:subfield code="a">Hermas,</marc:subfield><marc:subfield code="d">active 2nd century.</marc:subfield><marc:subfield code="t">Shepherd.</marc:subfield></marc:datafield><marc:datafield tag="650" ind1=" " ind2="0"><marc:subfield code="a">Slavery</marc:subfield><marc:subfield code="x">Religious aspects</marc:subfield><marc:subfield code="x">Christianity.</marc:subfield></marc:datafield><marc:datafield tag="920" ind1=" " ind2=" "><marc:subfield code="a">book</marc:subfield></marc:datafield></marc:record>