<marc:record><marc:leader>00678nam a2200181 a 4500</marc:leader><marc:controlfield tag="005">20251103131518.0</marc:controlfield><marc:controlfield tag="008">250807s2025    be |||||r|||||||| ||eng|d</marc:controlfield><marc:controlfield tag="001">990036756930409161</marc:controlfield><marc:datafield tag="020" ind1=" " ind2=" "><marc:subfield code="a">9782503613086</marc:subfield></marc:datafield><marc:datafield tag="035" ind1=" " ind2=" "><marc:subfield code="a">(RUG01)003675693</marc:subfield></marc:datafield><marc:datafield tag="040" ind1=" " ind2=" "><marc:subfield code="a">BE-GnUNI</marc:subfield></marc:datafield><marc:datafield tag="041" ind1=" " ind2=" "><marc:subfield code="a">eng</marc:subfield><marc:subfield code="a">lat</marc:subfield><marc:subfield code="h">lat</marc:subfield></marc:datafield><marc:datafield tag="100" ind1="1" ind2=" "><marc:subfield code="a">Hoover, Jesse,</marc:subfield><marc:subfield code="d">....-</marc:subfield><marc:subfield code="0">(viaf)305157087</marc:subfield></marc:datafield><marc:datafield tag="245" ind1="1" ind2="4"><marc:subfield code="a">The Donatist Compendium of 427 and related texts :</marc:subfield><marc:subfield code="b">exegetical materials from a dissident communion /</marc:subfield><marc:subfield code="c">edited and translated by Jesse Hoover</marc:subfield></marc:datafield><marc:datafield tag="260" ind1=" " ind2=" "><marc:subfield code="a">Turnhout :</marc:subfield><marc:subfield code="b">Brepols,</marc:subfield><marc:subfield code="c">2025.</marc:subfield></marc:datafield><marc:datafield tag="490" ind1="0" ind2=" "><marc:subfield code="a">Brepols library of christian sources ;</marc:subfield><marc:subfield code="v">12</marc:subfield></marc:datafield><marc:datafield tag="546" ind1=" " ind2=" "><marc:subfield code="a">Tekst in Latijn met inleiding, vertaling en commentaar in het Engels</marc:subfield></marc:datafield><marc:datafield tag="920" ind1=" " ind2=" "><marc:subfield code="a">book</marc:subfield></marc:datafield></marc:record>