<marc:record><marc:leader>01434cam a22003138i 4500</marc:leader><marc:controlfield tag="005">20251103133646.0</marc:controlfield><marc:controlfield tag="008">241213s2025    enk    |rb   |001 ||eng||</marc:controlfield><marc:controlfield tag="001">990036756920409161</marc:controlfield><marc:datafield tag="SID" ind1=" " ind2=" "><marc:subfield code="a">Z39</marc:subfield><marc:subfield code="b">LOC</marc:subfield></marc:datafield><marc:datafield tag="010" ind1=" " ind2=" "><marc:subfield code="a">2024057703</marc:subfield></marc:datafield><marc:datafield tag="020" ind1=" " ind2=" "><marc:subfield code="a">9781108485692</marc:subfield><marc:subfield code="q">hbk</marc:subfield></marc:datafield><marc:datafield tag="035" ind1=" " ind2=" "><marc:subfield code="a">(RUG01)003675692</marc:subfield></marc:datafield><marc:datafield tag="035" ind1=" " ind2=" "><marc:subfield code="a">23952149</marc:subfield></marc:datafield><marc:datafield tag="040" ind1=" " ind2=" "><marc:subfield code="a">DLC</marc:subfield><marc:subfield code="b">eng</marc:subfield><marc:subfield code="c">DLC</marc:subfield><marc:subfield code="d">DLC</marc:subfield><marc:subfield code="e">rda</marc:subfield></marc:datafield><marc:datafield tag="041" ind1="1" ind2=" "><marc:subfield code="a">eng</marc:subfield><marc:subfield code="h">grc</marc:subfield></marc:datafield><marc:datafield tag="042" ind1=" " ind2=" "><marc:subfield code="a">pcc</marc:subfield></marc:datafield><marc:datafield tag="050" ind1="0" ind2="0"><marc:subfield code="a">BR65.C953</marc:subfield><marc:subfield code="b">C6613 2025</marc:subfield></marc:datafield><marc:datafield tag="100" ind1="1" ind2=" "><marc:subfield code="a">Cyril,</marc:subfield><marc:subfield code="c">Saint, Patriarch of Alexandria,</marc:subfield><marc:subfield code="d">370?-444</marc:subfield><marc:subfield code="0">(viaf)19646922</marc:subfield></marc:datafield><marc:datafield tag="245" ind1="1" ind2="0"><marc:subfield code="a">Against Julian :</marc:subfield><marc:subfield code="b">introduction and translation /</marc:subfield><marc:subfield code="c">Cyril of Alexandria; edited by Matthew R. Crawford, Aaron P. Johnson; with Edward Jeremiah.</marc:subfield></marc:datafield><marc:datafield tag="264" ind1=" " ind2="1"><marc:subfield code="a">Cambridge :</marc:subfield><marc:subfield code="b">Cambridge university press,</marc:subfield><marc:subfield code="c">2025.</marc:subfield></marc:datafield><marc:datafield tag="300" ind1=" " ind2=" "><marc:subfield code="a">X, 651 p.</marc:subfield></marc:datafield><marc:datafield tag="504" ind1=" " ind2=" "><marc:subfield code="a">Includes bibliographical references and index.</marc:subfield></marc:datafield><marc:datafield tag="520" ind1=" " ind2=" "><marc:subfield code="a">&quot;In this book Cyril, bishop of Alexandria, presented a detailed and learned rebuttal of the Emperor Julian&apos;s critique of Christianity in his Against the Galileans, composed sixty years earlier in 362/363. This is the first full translation of the work into English&quot;--</marc:subfield><marc:subfield code="c">Provided by publisher.</marc:subfield></marc:datafield><marc:datafield tag="600" ind1="0" ind2="0"><marc:subfield code="a">Julian,</marc:subfield><marc:subfield code="c">Emperor of Rome,</marc:subfield><marc:subfield code="d">331-363</marc:subfield><marc:subfield code="v">Early works to 1800.</marc:subfield></marc:datafield><marc:datafield tag="650" ind1=" " ind2="0"><marc:subfield code="a">Apologetics</marc:subfield><marc:subfield code="v">Early works to 1800.</marc:subfield></marc:datafield><marc:datafield tag="700" ind1="1" ind2=" "><marc:subfield code="a">Crawford, Matthew R.,</marc:subfield><marc:subfield code="d">1982-</marc:subfield><marc:subfield code="0">(viaf)310752651</marc:subfield></marc:datafield><marc:datafield tag="700" ind1="1" ind2=" "><marc:subfield code="a">Johnson, Aaron P.,</marc:subfield><marc:subfield code="d">1973-</marc:subfield><marc:subfield code="0">(viaf)270736331</marc:subfield></marc:datafield><marc:datafield tag="700" ind1="1" ind2=" "><marc:subfield code="a">Jeremiah, Edward T.,</marc:subfield><marc:subfield code="d">....-</marc:subfield><marc:subfield code="0">(viaf)207958832</marc:subfield></marc:datafield><marc:datafield tag="920" ind1=" " ind2=" "><marc:subfield code="a">book</marc:subfield></marc:datafield></marc:record>