<marc:record><marc:leader>00634nam a2200217 i 4500</marc:leader><marc:controlfield tag="005">20250918232111.0</marc:controlfield><marc:controlfield tag="008">240409s2023    xx     |r    |||| u|eng||</marc:controlfield><marc:controlfield tag="001">990036756880409161</marc:controlfield><marc:datafield tag="020" ind1=" " ind2=" "><marc:subfield code="a">9781473786981</marc:subfield></marc:datafield><marc:datafield tag="035" ind1=" " ind2=" "><marc:subfield code="a">(RUG01)003675688</marc:subfield></marc:datafield><marc:datafield tag="040" ind1=" " ind2=" "><marc:subfield code="a">https://anet.be/brocade</marc:subfield></marc:datafield><marc:datafield tag="041" ind1=" " ind2=" "><marc:subfield code="a">eng</marc:subfield></marc:datafield><marc:datafield tag="080" ind1=" " ind2=" "><marc:subfield code="a">33</marc:subfield><marc:subfield code="2">a::33:1</marc:subfield></marc:datafield><marc:datafield tag="100" ind1="1" ind2=" "><marc:subfield code="a">Mankiw, N. Gregory,</marc:subfield><marc:subfield code="d">1958-</marc:subfield><marc:subfield code="0">(viaf)85258531</marc:subfield></marc:datafield><marc:datafield tag="245" ind1="1" ind2="0"><marc:subfield code="a">Economics /</marc:subfield><marc:subfield code="c">N. Gregory Mankiw, Mark P. Taylor.</marc:subfield></marc:datafield><marc:datafield tag="250" ind1=" " ind2=" "><marc:subfield code="a">Sixth edition</marc:subfield></marc:datafield><marc:datafield tag="260" ind1=" " ind2=" "><marc:subfield code="a">London :, :</marc:subfield><marc:subfield code="c">2023</marc:subfield><marc:subfield code="b">Cengage learning.,</marc:subfield></marc:datafield><marc:datafield tag="300" ind1=" " ind2=" "><marc:subfield code="a">XIII, 832 p.: ill.</marc:subfield></marc:datafield><marc:datafield tag="700" ind1="1" ind2=" "><marc:subfield code="a">Taylor, Mark P.,</marc:subfield><marc:subfield code="d">1958-</marc:subfield><marc:subfield code="0">(viaf)85284222</marc:subfield></marc:datafield><marc:datafield tag="920" ind1=" " ind2=" "><marc:subfield code="a">book</marc:subfield></marc:datafield><marc:datafield tag="SID" ind1=" " ind2=" "><marc:subfield code="a">Z39</marc:subfield><marc:subfield code="b">LVD</marc:subfield></marc:datafield></marc:record>