<marc:record><marc:leader>00937nam a2200229 a 4500</marc:leader><marc:controlfield tag="005">20250917111822.0</marc:controlfield><marc:controlfield tag="008">250807|2023||||be |||||rm||||||| ||eng|d</marc:controlfield><marc:controlfield tag="001">990036756860409161</marc:controlfield><marc:datafield tag="035" ind1=" " ind2=" "><marc:subfield code="a">(RUG01)003675686</marc:subfield></marc:datafield><marc:datafield tag="040" ind1=" " ind2=" "><marc:subfield code="a">BE-GnUNI</marc:subfield></marc:datafield><marc:datafield tag="041" ind1=" " ind2=" "><marc:subfield code="a">eng</marc:subfield><marc:subfield code="b">eng</marc:subfield><marc:subfield code="b">ita</marc:subfield><marc:subfield code="b">dut</marc:subfield></marc:datafield><marc:datafield tag="100" ind1="1" ind2=" "><marc:subfield code="a">Veronese, Fabio,</marc:subfield><marc:subfield code="d">....-</marc:subfield><marc:subfield code="0">(viaf)</marc:subfield></marc:datafield><marc:datafield tag="245" ind1="1" ind2="0"><marc:subfield code="a">Functional and manufacturing optimization of the beam source for the Neutral Beam Injector of DTT /</marc:subfield><marc:subfield code="c">Fabio Veronese.</marc:subfield></marc:datafield><marc:datafield tag="260" ind1=" " ind2=" "><marc:subfield code="a">Padua :</marc:subfield><marc:subfield code="b">Università degli Studi di Padova,</marc:subfield><marc:subfield code="c">2023.</marc:subfield></marc:datafield><marc:datafield tag="300" ind1=" " ind2=" "><marc:subfield code="a">XXII, 164 p. : ill.</marc:subfield></marc:datafield><marc:datafield tag="502" ind1=" " ind2=" "><marc:subfield code="a">Joint Ph.D. programme for fusion Science and Engineering</marc:subfield></marc:datafield><marc:datafield tag="518" ind1=" " ind2=" "><marc:subfield code="o">Verdediging</marc:subfield><marc:subfield code="d">2023-05-12</marc:subfield><marc:subfield code="p">Padua</marc:subfield></marc:datafield><marc:datafield tag="700" ind1="1" ind2=" "><marc:subfield code="a">Piero, Agostinetti,</marc:subfield><marc:subfield code="d">....-</marc:subfield><marc:subfield code="0">(viaf)</marc:subfield><marc:subfield code="e">promotor</marc:subfield></marc:datafield><marc:datafield tag="700" ind1="1" ind2=" "><marc:subfield code="a">Crombé, Kristel,</marc:subfield><marc:subfield code="d">1978-</marc:subfield><marc:subfield code="0">(ugent)801001583076</marc:subfield><marc:subfield code="0">(viaf)90484277</marc:subfield><marc:subfield code="e">copromotor</marc:subfield></marc:datafield><marc:datafield tag="710" ind1="2" ind2=" "><marc:subfield code="a">Ghent University</marc:subfield><marc:subfield code="b">Faculty of Engineering and Architecture</marc:subfield><marc:subfield code="b">Department of Applied physics</marc:subfield></marc:datafield><marc:datafield tag="920" ind1=" " ind2=" "><marc:subfield code="a">phd</marc:subfield></marc:datafield><marc:datafield tag="922" ind1=" " ind2=" "><marc:subfield code="a">UGENT-EA</marc:subfield></marc:datafield></marc:record>