<marc:record><marc:leader>00570nam a2200169 a 4500</marc:leader><marc:controlfield tag="005">20250922140056.0</marc:controlfield><marc:controlfield tag="008">250807|2022||||xx |||||r|||||||| ||fre|d</marc:controlfield><marc:controlfield tag="001">990036756840409161</marc:controlfield><marc:datafield tag="020" ind1=" " ind2=" "><marc:subfield code="a">9782711630905</marc:subfield><marc:subfield code="q">pbk</marc:subfield></marc:datafield><marc:datafield tag="035" ind1=" " ind2=" "><marc:subfield code="a">(RUG01)003675684</marc:subfield></marc:datafield><marc:datafield tag="040" ind1=" " ind2=" "><marc:subfield code="a">BE-GnUNI</marc:subfield></marc:datafield><marc:datafield tag="100" ind1="1" ind2=" "><marc:subfield code="a">Calzolari, Valentina,</marc:subfield><marc:subfield code="d">1964-</marc:subfield><marc:subfield code="0">(viaf)34625088</marc:subfield></marc:datafield><marc:datafield tag="245" ind1="1" ind2="4"><marc:subfield code="a">Les arts libéraux et les sciences dans l’Arménie ancienne et médiévale /</marc:subfield><marc:subfield code="c">sous la direction de Valentina Calzolari.</marc:subfield></marc:datafield><marc:datafield tag="260" ind1=" " ind2=" "><marc:subfield code="a">Paris :</marc:subfield><marc:subfield code="b">Vrin,</marc:subfield><marc:subfield code="c">2022.</marc:subfield></marc:datafield><marc:datafield tag="300" ind1=" " ind2=" "><marc:subfield code="a">326 p.</marc:subfield></marc:datafield><marc:datafield tag="490" ind1="0" ind2=" "><marc:subfield code="a">Textes et traditions</marc:subfield><marc:subfield code="v">36</marc:subfield><marc:subfield code="x">1630-5736</marc:subfield></marc:datafield><marc:datafield tag="920" ind1=" " ind2=" "><marc:subfield code="a">book</marc:subfield></marc:datafield></marc:record>