<marc:record><marc:leader>01425nam a2200241 a 4500</marc:leader><marc:controlfield tag="005">20250917111827.0</marc:controlfield><marc:controlfield tag="008">250807|2015||||be |||||rm||||||| ||fre|d</marc:controlfield><marc:controlfield tag="001">990036756800409161</marc:controlfield><marc:datafield tag="035" ind1=" " ind2=" "><marc:subfield code="a">(RUG01)003675680</marc:subfield></marc:datafield><marc:datafield tag="040" ind1=" " ind2=" "><marc:subfield code="a">BE-GnUNI</marc:subfield></marc:datafield><marc:datafield tag="041" ind1=" " ind2=" "><marc:subfield code="a">fre</marc:subfield><marc:subfield code="b">fre</marc:subfield><marc:subfield code="b">dut</marc:subfield><marc:subfield code="b">eng</marc:subfield></marc:datafield><marc:datafield tag="100" ind1="1" ind2=" "><marc:subfield code="a">Hilloulin, Benoît,</marc:subfield><marc:subfield code="d">....-</marc:subfield><marc:subfield code="0">(viaf)</marc:subfield></marc:datafield><marc:datafield tag="245" ind1="1" ind2="0"><marc:subfield code="a">Méthodes avancées et analyses multi-échelles pour l&apos;étude de l&apos;auto-cicatrisation des fissures dans les matériaux cimentaires /</marc:subfield><marc:subfield code="c">Benoît Hilloulin.</marc:subfield></marc:datafield><marc:datafield tag="260" ind1=" " ind2=" "><marc:subfield code="a">Nantes, France :</marc:subfield><marc:subfield code="b">Université de Nantes Angers Le Mans,</marc:subfield><marc:subfield code="c">2015.</marc:subfield></marc:datafield><marc:datafield tag="300" ind1=" " ind2=" "><marc:subfield code="a">XXXVII, 261 p. : ill.</marc:subfield></marc:datafield><marc:datafield tag="502" ind1=" " ind2=" "><marc:subfield code="a">Mémoire présenté en vue de l&apos;obtention du grade de Docteur de l&apos;École Centrale de Nantes, Docteur de l&apos;Université de Gand, Belgique, sous le label de l&apos;Université de Nantes Angers Le Mans. École doctorale: Sciences Pour l&apos;Ingénieur, Géosciences, Architecture. Discipline: Génie Civil, section CNU 60. Unité de recherche: Institut de Recherche en Génie Civil et Mécanique (GeM)</marc:subfield></marc:datafield><marc:datafield tag="518" ind1=" " ind2=" "><marc:subfield code="o">Verdediging</marc:subfield><marc:subfield code="d">2015-12-03</marc:subfield><marc:subfield code="p">Nantes</marc:subfield></marc:datafield><marc:datafield tag="700" ind1="1" ind2=" "><marc:subfield code="a">Loukili, Ahmed,</marc:subfield><marc:subfield code="d">....-</marc:subfield><marc:subfield code="0">(viaf)</marc:subfield><marc:subfield code="e">promotor</marc:subfield><marc:subfield code="4">edt</marc:subfield></marc:datafield><marc:datafield tag="700" ind1="1" ind2=" "><marc:subfield code="a">De Belie, Nele,</marc:subfield><marc:subfield code="d">1970-</marc:subfield><marc:subfield code="0">(ugent)801000928732</marc:subfield><marc:subfield code="0">(viaf)296079582</marc:subfield><marc:subfield code="e">copromotor</marc:subfield></marc:datafield><marc:datafield tag="700" ind1="1" ind2=" "><marc:subfield code="a">Abraham, Odile,</marc:subfield><marc:subfield code="d">....-</marc:subfield><marc:subfield code="0">(viaf)</marc:subfield><marc:subfield code="e">copromotor</marc:subfield></marc:datafield><marc:datafield tag="710" ind1="2" ind2=" "><marc:subfield code="a">Ghent University</marc:subfield><marc:subfield code="b">Faculty of Engineering and Architecture</marc:subfield><marc:subfield code="b">Department of Structural Engineering and Building Materials</marc:subfield></marc:datafield><marc:datafield tag="920" ind1=" " ind2=" "><marc:subfield code="a">phd</marc:subfield></marc:datafield><marc:datafield tag="922" ind1=" " ind2=" "><marc:subfield code="a">UGENT-EA</marc:subfield></marc:datafield></marc:record>