<marc:record><marc:leader>01972nam a2200265 a 4500</marc:leader><marc:controlfield tag="005">20250917111825.0</marc:controlfield><marc:controlfield tag="008">250807|2016||||be |||||rm||||||| ||spa|d</marc:controlfield><marc:controlfield tag="001">990036756770409161</marc:controlfield><marc:datafield tag="035" ind1=" " ind2=" "><marc:subfield code="a">(RUG01)003675677</marc:subfield></marc:datafield><marc:datafield tag="040" ind1=" " ind2=" "><marc:subfield code="a">BE-GnUNI</marc:subfield></marc:datafield><marc:datafield tag="041" ind1=" " ind2=" "><marc:subfield code="a">spa</marc:subfield><marc:subfield code="b">spa</marc:subfield><marc:subfield code="b">eng</marc:subfield><marc:subfield code="b">dut</marc:subfield></marc:datafield><marc:datafield tag="100" ind1="1" ind2=" "><marc:subfield code="a">García González, Julia,</marc:subfield><marc:subfield code="d">....-</marc:subfield><marc:subfield code="0">(viaf)</marc:subfield></marc:datafield><marc:datafield tag="245" ind1="1" ind2="0"><marc:subfield code="a">Hormigón elaborado con residuos de construcción y demolición mixtos cerámicos :</marc:subfield><marc:subfield code="b">optimización de sus propiedades físicas, mecánicas y durables mediante pre-saturación de los áridos, uso de superplastificantes y precipitación microbiológica de carbonato cálcico /</marc:subfield><marc:subfield code="c">Julia García González.</marc:subfield></marc:datafield><marc:datafield tag="246" ind1="2" ind2=" "><marc:subfield code="a">Concrete with ceramic mixed construction and demolition waste :</marc:subfield><marc:subfield code="b">optimization of physical, mechanical and durability properties by aggregate pre-saturation, use of superplasticizers and microbially induced carbonate precipitation</marc:subfield></marc:datafield><marc:datafield tag="246" ind1="2" ind2=" "><marc:subfield code="a">Beton met keramisch gemengd bouw- en sloopafval :</marc:subfield><marc:subfield code="b">optimalisatie van fysische, mechanische, en duurzaamheidseigenschappen door voorbevochtigen van de granulaten, gebruik van superplastificeerders en microbieel geïnduceerde calciumcarbonaatprecipitatie</marc:subfield></marc:datafield><marc:datafield tag="260" ind1=" " ind2=" "><marc:subfield code="a">León :</marc:subfield><marc:subfield code="b">Universidad de León,</marc:subfield><marc:subfield code="c">2016.</marc:subfield></marc:datafield><marc:datafield tag="300" ind1=" " ind2=" "><marc:subfield code="a">C, 483 p. : ill.</marc:subfield></marc:datafield><marc:datafield tag="502" ind1=" " ind2=" "><marc:subfield code="a">Programa de doctorado en Ingeniería de Biosistemas E.S.T.I. Agraria. Departamento de Ingeniería y Ciencias Agrarias Universidad de León. Programa de doctorado en Ingeniería Civil Magnel Laboratory for Concrete Research. Departamento de Ingeniería Estructural Universidad de Gante.</marc:subfield></marc:datafield><marc:datafield tag="518" ind1=" " ind2=" "><marc:subfield code="o">Verdediging</marc:subfield><marc:subfield code="d">2016-05-25</marc:subfield><marc:subfield code="p">León, Spanje</marc:subfield></marc:datafield><marc:datafield tag="700" ind1="1" ind2=" "><marc:subfield code="a">Valdés, Andrés Juan,</marc:subfield><marc:subfield code="d">....-</marc:subfield><marc:subfield code="0">(viaf)</marc:subfield><marc:subfield code="e">promotor</marc:subfield></marc:datafield><marc:datafield tag="700" ind1="1" ind2=" "><marc:subfield code="a">Morán del Pozo, Julia María,</marc:subfield><marc:subfield code="d">....-</marc:subfield><marc:subfield code="0">(viaf)</marc:subfield><marc:subfield code="e">copromotor</marc:subfield></marc:datafield><marc:datafield tag="700" ind1="1" ind2=" "><marc:subfield code="a">De Belie, Nele,</marc:subfield><marc:subfield code="d">1970-</marc:subfield><marc:subfield code="0">(ugent)801000928732</marc:subfield><marc:subfield code="0">(viaf)296079582</marc:subfield><marc:subfield code="e">copromotor</marc:subfield></marc:datafield><marc:datafield tag="710" ind1="2" ind2=" "><marc:subfield code="a">Ghent University</marc:subfield><marc:subfield code="b">Faculty of Engineering and Architecture</marc:subfield><marc:subfield code="b">Department of Structural Engineering and Building Materials</marc:subfield></marc:datafield><marc:datafield tag="920" ind1=" " ind2=" "><marc:subfield code="a">phd</marc:subfield></marc:datafield><marc:datafield tag="922" ind1=" " ind2=" "><marc:subfield code="a">UGENT-EA</marc:subfield></marc:datafield></marc:record>