<marc:record><marc:leader>02217nam a22002295i 4500</marc:leader><marc:controlfield tag="005">20250923124416.0</marc:controlfield><marc:controlfield tag="008">241106s2025    nyu    |r    |000 ||eng||</marc:controlfield><marc:controlfield tag="001">990036756750409161</marc:controlfield><marc:datafield tag="SID" ind1=" " ind2=" "><marc:subfield code="a">Z39</marc:subfield><marc:subfield code="b">LOC</marc:subfield></marc:datafield><marc:datafield tag="010" ind1=" " ind2=" "><marc:subfield code="a">2024949928</marc:subfield></marc:datafield><marc:datafield tag="020" ind1=" " ind2=" "><marc:subfield code="a">9780198885863</marc:subfield><marc:subfield code="q">hbk</marc:subfield></marc:datafield><marc:datafield tag="020" ind1=" " ind2=" "><marc:subfield code="q">(epub)</marc:subfield><marc:subfield code="z">9780198885894</marc:subfield></marc:datafield><marc:datafield tag="035" ind1=" " ind2=" "><marc:subfield code="a">(RUG01)003675675</marc:subfield></marc:datafield><marc:datafield tag="035" ind1=" " ind2=" "><marc:subfield code="a">23915756</marc:subfield></marc:datafield><marc:datafield tag="040" ind1=" " ind2=" "><marc:subfield code="a">DLC</marc:subfield><marc:subfield code="b">eng</marc:subfield><marc:subfield code="c">DLC</marc:subfield><marc:subfield code="e">rda</marc:subfield></marc:datafield><marc:datafield tag="042" ind1=" " ind2=" "><marc:subfield code="a">pcc</marc:subfield></marc:datafield><marc:datafield tag="100" ind1="1" ind2=" "><marc:subfield code="a">Dmitriev, Sviatoslav,</marc:subfield><marc:subfield code="d">....-</marc:subfield><marc:subfield code="0">(viaf)32284406</marc:subfield></marc:datafield><marc:datafield tag="245" ind1="1" ind2="0"><marc:subfield code="a">Emperors and imperial dynasties of Byzantium :</marc:subfield><marc:subfield code="b">translated texts on Byzantine civilization /</marc:subfield><marc:subfield code="c">Sviatoslav Dmitriev.</marc:subfield></marc:datafield><marc:datafield tag="264" ind1=" " ind2="1"><marc:subfield code="a">Oxford :</marc:subfield><marc:subfield code="b">Oxford university press,</marc:subfield><marc:subfield code="c">2025.</marc:subfield></marc:datafield><marc:datafield tag="300" ind1=" " ind2=" "><marc:subfield code="a">XIV, 917 p.: ill.</marc:subfield></marc:datafield><marc:datafield tag="520" ind1=" " ind2=" "><marc:subfield code="a">&quot;This collection offers the first ever comprehensive, easily accessible, and uniquely assorted anthology of primary texts in translation on the entire history of the Byzantine Empire arranged chronologically - in prose and verse, from Byzantium and other civilizations - representing different genres: epigrams, inscriptions, literary and historical works, and legal statutes, as well as religious, administrative, and diplomatic documents. While this book has a common thread to tie its lengthy chronological expanse together - the history of Byzantine emperors and imperial dynasties - it illustrates all major, diverse aspects of Byzantine civilization, such as politics, military affairs, culture, education, religion, legal regulations and economic activities in the city and the countryside, family and social relations, along with Byzantium&apos;s varying interactions with its numerous neighbors. Many of the entries provide insights into Byzantine courtly culture and, specifically, the lives of emperors and members of their families, including references to their physical looks, character traits, personal details, famous and humorous sayings, emotions and accomplishments. Unparalleled in its chronological stretch, diversity, scope, and thoroughness, this collection also includes dynastic charts, concise introductions to each of its six Parts, numerous illustrations, a glossary, and indices, offering an accessible and comprehensive view of the entirety of Byzantine civilization&quot;--</marc:subfield><marc:subfield code="c">Provided by publisher.</marc:subfield></marc:datafield><marc:datafield tag="920" ind1=" " ind2=" "><marc:subfield code="a">book</marc:subfield></marc:datafield></marc:record>