<marc:record><marc:leader>02965cam a2200313 c 4500</marc:leader><marc:controlfield tag="005">20250918232115.0</marc:controlfield><marc:controlfield tag="008">240910s2024    xxu|||||r    |00| ||eng|c</marc:controlfield><marc:controlfield tag="001">990036756740409161</marc:controlfield><marc:datafield tag="010" ind1=" " ind2=" "><marc:subfield code="a">2024034659</marc:subfield></marc:datafield><marc:datafield tag="020" ind1=" " ind2=" "><marc:subfield code="a">9780197585498</marc:subfield><marc:subfield code="q">9780197585498</marc:subfield></marc:datafield><marc:datafield tag="035" ind1=" " ind2=" "><marc:subfield code="a">(RUG01)003675674</marc:subfield></marc:datafield><marc:datafield tag="035" ind1=" " ind2=" "><marc:subfield code="a">(DE-627)1902291050</marc:subfield></marc:datafield><marc:datafield tag="035" ind1=" " ind2=" "><marc:subfield code="a">(DE-599)KXP1902291050</marc:subfield></marc:datafield><marc:datafield tag="035" ind1=" " ind2=" "><marc:subfield code="a">(OCoLC)1481493459</marc:subfield></marc:datafield><marc:datafield tag="040" ind1=" " ind2=" "><marc:subfield code="a">DE-627</marc:subfield><marc:subfield code="b">ger</marc:subfield><marc:subfield code="c">DE-627</marc:subfield><marc:subfield code="e">rda</marc:subfield></marc:datafield><marc:datafield tag="041" ind1=" " ind2=" "><marc:subfield code="a">eng</marc:subfield></marc:datafield><marc:datafield tag="044" ind1=" " ind2=" "><marc:subfield code="c">XD-US</marc:subfield></marc:datafield><marc:datafield tag="050" ind1=" " ind2="0"><marc:subfield code="a">DR729</marc:subfield></marc:datafield><marc:datafield tag="082" ind1="0" ind2=" "><marc:subfield code="a">949.61/801</marc:subfield><marc:subfield code="q">DLC</marc:subfield><marc:subfield code="2">23/eng/20240904</marc:subfield></marc:datafield><marc:datafield tag="084" ind1=" " ind2=" "><marc:subfield code="a">NR 8575</marc:subfield><marc:subfield code="q">DE-24/25sred</marc:subfield><marc:subfield code="2">rvk</marc:subfield><marc:subfield code="0">(DE-625)rvk/130072:</marc:subfield></marc:datafield><marc:datafield tag="100" ind1="1" ind2=" "><marc:subfield code="a">Matthews, John,</marc:subfield><marc:subfield code="d">1940-</marc:subfield><marc:subfield code="0">(viaf)</marc:subfield><marc:subfield code="4">aut</marc:subfield></marc:datafield><marc:datafield tag="245" ind1="1" ind2="0"><marc:subfield code="a">From Byzantium to Constantinople :</marc:subfield><marc:subfield code="b">an urban history /</marc:subfield><marc:subfield code="c">John Matthews.</marc:subfield></marc:datafield><marc:datafield tag="264" ind1=" " ind2="1"><marc:subfield code="a">New York, NY :</marc:subfield><marc:subfield code="b">Oxford University Press,</marc:subfield><marc:subfield code="c">[2024].</marc:subfield></marc:datafield><marc:datafield tag="300" ind1=" " ind2=" "><marc:subfield code="a">Xiv, 262 Seiten :</marc:subfield><marc:subfield code="b">Illustrationen, Karten.</marc:subfield></marc:datafield><marc:datafield tag="500" ind1=" " ind2=" "><marc:subfield code="a">Includes bibliographical references and index</marc:subfield></marc:datafield><marc:datafield tag="505" ind1="8" ind2=" "><marc:subfield code="a">Introduction: From York to Byzantium -- From Byzantium to Constantinople -- Sources and Materials -- Notitia Urbis Constantinopolitanae -- The fourteen regions private -- Urban development (1) : Byzantium to Constantinople -- Urban development (2) : the successors of Constantine -- Urban development (3) : the Theodosian Age -- Other monuments, palaces, and churches -- Housing and population -- From the New World.</marc:subfield></marc:datafield><marc:datafield tag="520" ind1=" " ind2=" "><marc:subfield code="a">&quot;From Byzantium to Constantinople is an exploration of the generally accepted truth that the great city founded by Constantine on the shores of the Bosporus as a second Rome and new capital of the Roman empire was built upon the Graeco-Roman city that preceded it, but there is still room for discussion as to exactly how this transition was accomplished. This book argues that Classical Byzantium was a more significant and powerful city than is often appreciated, and that the monumental developments of the Roman empire, and especially of the Severan period, provided the context from which the Constantinian and later city developed. The main source of the enquiry (among others) is the early fifth-century text known as Notitia urbis Constantinopolitanae, which both provides a conspectus of the city as it stood at the time of writing, and an insight into the urban developments of the earlier period, both Greek (the city was an early colonial foundation of Megara) and Roman. A translation and thematic commentary of this text provides the central theme of the enquiry, which at the same time endeavours to understand the process of urban development in the context of the historical events of the period. Attention is given to the topographical character of the city and to its regional development, to its social and cultural institutions and population, and to the role of the church, which is seen to be a more measured and slower development than one would gather from the intensity of Constantine&apos;s and his successors&apos; personal commitment to Christianity.&quot;</marc:subfield></marc:datafield><marc:datafield tag="920" ind1=" " ind2=" "><marc:subfield code="a">book</marc:subfield></marc:datafield><marc:datafield tag="SID" ind1=" " ind2=" "><marc:subfield code="a">Z39</marc:subfield><marc:subfield code="b">K10PLUS</marc:subfield></marc:datafield></marc:record>