<marc:record><marc:leader>00747nam a2200205 a 4500</marc:leader><marc:controlfield tag="005">20250918232114.0</marc:controlfield><marc:controlfield tag="008">250806s1880    enk|||||r|||||||| ||eng|d</marc:controlfield><marc:controlfield tag="001">990036756680409161</marc:controlfield><marc:datafield tag="035" ind1=" " ind2=" "><marc:subfield code="a">(RUG01)003675668</marc:subfield></marc:datafield><marc:datafield tag="040" ind1=" " ind2=" "><marc:subfield code="a">BE-GnUNI</marc:subfield></marc:datafield><marc:datafield tag="050" ind1="0" ind2="0"><marc:subfield code="a">QH85</marc:subfield><marc:subfield code="b">.W18</marc:subfield></marc:datafield><marc:datafield tag="100" ind1="1" ind2=" "><marc:subfield code="a">Wallace, Alfred Russel,</marc:subfield><marc:subfield code="d">1823-1913</marc:subfield><marc:subfield code="0">(viaf)19767134</marc:subfield></marc:datafield><marc:datafield tag="245" ind1="1" ind2="0"><marc:subfield code="a">Island life, or The phenomena and causes of ensular faunas and floras, including a revision and attempted solution of the problem of geological climates /</marc:subfield><marc:subfield code="c">by Alfred Russel Wallace.</marc:subfield></marc:datafield><marc:datafield tag="260" ind1=" " ind2=" "><marc:subfield code="a">London :</marc:subfield><marc:subfield code="b">Macmillan,</marc:subfield><marc:subfield code="c">1880.</marc:subfield></marc:datafield><marc:datafield tag="300" ind1=" " ind2=" "><marc:subfield code="a">Xvii, 526 p.</marc:subfield></marc:datafield><marc:datafield tag="541" ind1=" " ind2=" "><marc:subfield code="3">BIB.S.061394</marc:subfield><marc:subfield code="c">Schenking</marc:subfield><marc:subfield code="a">Patroons, Hendrik</marc:subfield><marc:subfield code="d">00/07/2025</marc:subfield></marc:datafield><marc:datafield tag="650" ind1=" " ind2="0"><marc:subfield code="a">Biogeography.</marc:subfield></marc:datafield><marc:datafield tag="650" ind1=" " ind2="0"><marc:subfield code="a">Glacial epoch.</marc:subfield></marc:datafield><marc:datafield tag="650" ind1=" " ind2="0"><marc:subfield code="a">Island ecology.</marc:subfield></marc:datafield><marc:datafield tag="920" ind1=" " ind2=" "><marc:subfield code="a">book</marc:subfield></marc:datafield></marc:record>