<marc:record><marc:leader>01221cam a22003012c 4500</marc:leader><marc:controlfield tag="005">20250923122520.0</marc:controlfield><marc:controlfield tag="008">250321s2025    gw |||||r    |00| ||eng|c</marc:controlfield><marc:controlfield tag="001">990036756670409161</marc:controlfield><marc:datafield tag="SID" ind1=" " ind2=" "><marc:subfield code="a">Z39</marc:subfield><marc:subfield code="b">K10PLUS</marc:subfield></marc:datafield><marc:datafield tag="020" ind1=" " ind2=" "><marc:subfield code="a">9783111706658</marc:subfield><marc:subfield code="q">hbk</marc:subfield></marc:datafield><marc:datafield tag="035" ind1=" " ind2=" "><marc:subfield code="a">(RUG01)003675667</marc:subfield></marc:datafield><marc:datafield tag="035" ind1=" " ind2=" "><marc:subfield code="a">(DE-627)1920308237</marc:subfield></marc:datafield><marc:datafield tag="035" ind1=" " ind2=" "><marc:subfield code="a">(DE-599)KXP1920308237</marc:subfield></marc:datafield><marc:datafield tag="040" ind1=" " ind2=" "><marc:subfield code="a">DE-627</marc:subfield><marc:subfield code="b">ger</marc:subfield><marc:subfield code="c">DE-627</marc:subfield><marc:subfield code="e">rakwb</marc:subfield></marc:datafield><marc:datafield tag="041" ind1=" " ind2=" "><marc:subfield code="a">eng</marc:subfield><marc:subfield code="a">fre</marc:subfield><marc:subfield code="a">ita</marc:subfield></marc:datafield><marc:datafield tag="044" ind1=" " ind2=" "><marc:subfield code="c">XA-DE-BE</marc:subfield></marc:datafield><marc:datafield tag="082" ind1="0" ind2="4"><marc:subfield code="a">930</marc:subfield></marc:datafield><marc:datafield tag="245" ind1="0" ind2="0"><marc:subfield code="a">Herodian :</marc:subfield><marc:subfield code="b">historiography and literature at the end of the high empire /</marc:subfield><marc:subfield code="c">edited by Mario Baumann, Adam M. Kemezis, and Maria-Eirini Zacharioudaki</marc:subfield></marc:datafield><marc:datafield tag="260" ind1=" " ind2=" "><marc:subfield code="a">Berlin :</marc:subfield><marc:subfield code="b">de Gruyter,</marc:subfield><marc:subfield code="c">2025.</marc:subfield></marc:datafield><marc:datafield tag="300" ind1=" " ind2=" "><marc:subfield code="a">X, 332 p.</marc:subfield></marc:datafield><marc:datafield tag="490" ind1="0" ind2=" "><marc:subfield code="a">Millennium-Studien/Millennium Studies</marc:subfield><marc:subfield code="v">112</marc:subfield><marc:subfield code="x">1862-1139</marc:subfield></marc:datafield><marc:datafield tag="700" ind1="1" ind2=" "><marc:subfield code="a">Baumann, Mario,</marc:subfield><marc:subfield code="d">1979-</marc:subfield><marc:subfield code="0">(viaf)171484777</marc:subfield></marc:datafield><marc:datafield tag="700" ind1="1" ind2=" "><marc:subfield code="a">Kemezis, Adam M.,</marc:subfield><marc:subfield code="d">1977-</marc:subfield><marc:subfield code="0">(viaf)309827406</marc:subfield></marc:datafield><marc:datafield tag="700" ind1="1" ind2=" "><marc:subfield code="a">Zacharioudaki, Maria-Eirini,</marc:subfield><marc:subfield code="d">....-</marc:subfield><marc:subfield code="0">(viaf)NIV</marc:subfield></marc:datafield><marc:datafield tag="710" ind1="2" ind2=" "><marc:subfield code="a">Walter de Gruyter GmbH &amp; Co. KG</marc:subfield><marc:subfield code="e">Verlag</marc:subfield><marc:subfield code="0">(DE-588)10095502-2</marc:subfield><marc:subfield code="0">(DE-627)478082134</marc:subfield><marc:subfield code="0">(DE-576)200141279</marc:subfield><marc:subfield code="4">pbl</marc:subfield></marc:datafield><marc:datafield tag="883" ind1=" " ind2=" "><marc:subfield code="a">cgwrk</marc:subfield><marc:subfield code="d">20250604</marc:subfield><marc:subfield code="q">DE-101</marc:subfield><marc:subfield code="u">https://d-nb.info/provenance/plan#cgwrk</marc:subfield><marc:subfield code="8">1\p</marc:subfield></marc:datafield><marc:datafield tag="883" ind1=" " ind2=" "><marc:subfield code="a">cgwrk</marc:subfield><marc:subfield code="d">20250604</marc:subfield><marc:subfield code="q">DE-101</marc:subfield><marc:subfield code="u">https://d-nb.info/provenance/plan#cgwrk</marc:subfield><marc:subfield code="8">2\p</marc:subfield></marc:datafield><marc:datafield tag="920" ind1=" " ind2=" "><marc:subfield code="a">book</marc:subfield></marc:datafield></marc:record>