<marc:record><marc:leader>01267cam a2200349 c 4500</marc:leader><marc:controlfield tag="005">20250918232114.0</marc:controlfield><marc:controlfield tag="008">250502s2025    gw |||||r    |00| ||eng|c</marc:controlfield><marc:controlfield tag="001">990036756650409161</marc:controlfield><marc:datafield tag="015" ind1=" " ind2=" "><marc:subfield code="a">25,N09</marc:subfield><marc:subfield code="2">dnb</marc:subfield></marc:datafield><marc:datafield tag="016" ind1="7" ind2=" "><marc:subfield code="a">1356834620</marc:subfield><marc:subfield code="2">DE-101</marc:subfield></marc:datafield><marc:datafield tag="020" ind1=" " ind2=" "><marc:subfield code="a">9783495991176</marc:subfield></marc:datafield><marc:datafield tag="020" ind1=" " ind2=" "><marc:subfield code="a">3495991174</marc:subfield></marc:datafield><marc:datafield tag="035" ind1=" " ind2=" "><marc:subfield code="a">(RUG01)003675665</marc:subfield></marc:datafield><marc:datafield tag="035" ind1=" " ind2=" "><marc:subfield code="a">(DE-627)1924168014</marc:subfield></marc:datafield><marc:datafield tag="035" ind1=" " ind2=" "><marc:subfield code="a">(DE-599)DNB1356834620</marc:subfield></marc:datafield><marc:datafield tag="035" ind1=" " ind2=" "><marc:subfield code="a">(OCoLC)1522721064</marc:subfield></marc:datafield><marc:datafield tag="040" ind1=" " ind2=" "><marc:subfield code="a">DE-627</marc:subfield><marc:subfield code="b">ger</marc:subfield><marc:subfield code="c">DE-627</marc:subfield><marc:subfield code="e">rda</marc:subfield></marc:datafield><marc:datafield tag="041" ind1=" " ind2=" "><marc:subfield code="a">eng</marc:subfield></marc:datafield><marc:datafield tag="044" ind1=" " ind2=" "><marc:subfield code="c">XA-DE-BW</marc:subfield></marc:datafield><marc:datafield tag="072" ind1=" " ind2="7"><marc:subfield code="a">1522</marc:subfield><marc:subfield code="2">wsb</marc:subfield></marc:datafield><marc:datafield tag="082" ind1="0" ind2=" "><marc:subfield code="a">179.3</marc:subfield><marc:subfield code="q">DE-101</marc:subfield><marc:subfield code="2">23/ger</marc:subfield></marc:datafield><marc:datafield tag="082" ind1="0" ind2="4"><marc:subfield code="a">100</marc:subfield><marc:subfield code="a">880</marc:subfield><marc:subfield code="a">590</marc:subfield><marc:subfield code="q">DE-101</marc:subfield></marc:datafield><marc:datafield tag="084" ind1=" " ind2=" "><marc:subfield code="a">CD 6617</marc:subfield><marc:subfield code="q">DE-24/25sred</marc:subfield><marc:subfield code="2">rvk</marc:subfield><marc:subfield code="0">(DE-625)rvk/17831:11616</marc:subfield></marc:datafield><marc:datafield tag="100" ind1="1" ind2=" "><marc:subfield code="a">Tuominen, Miira,</marc:subfield><marc:subfield code="d">1973-</marc:subfield><marc:subfield code="0">(viaf)39674346</marc:subfield></marc:datafield><marc:datafield tag="245" ind1="1" ind2="0"><marc:subfield code="a">Living with justice :</marc:subfield><marc:subfield code="b">a philosophical study of porphyry’s on abstinence /</marc:subfield><marc:subfield code="c">Miira Tuominen.</marc:subfield></marc:datafield><marc:datafield tag="264" ind1=" " ind2="1"><marc:subfield code="a">Baden-Baden :</marc:subfield><marc:subfield code="b">Verlag Karl Alber,</marc:subfield><marc:subfield code="c">2025.</marc:subfield></marc:datafield><marc:datafield tag="300" ind1=" " ind2=" "><marc:subfield code="a">351 p.:.</marc:subfield></marc:datafield><marc:datafield tag="490" ind1="0" ind2=" "><marc:subfield code="a">Philosophy from imperial times to the end of antiquity</marc:subfield><marc:subfield code="v">1</marc:subfield></marc:datafield><marc:datafield tag="710" ind1="2" ind2=" "><marc:subfield code="a">Verlag Karl Alber</marc:subfield><marc:subfield code="e">Verlag</marc:subfield><marc:subfield code="4">pbl</marc:subfield><marc:subfield code="0">(DE-588)2025667-X</marc:subfield><marc:subfield code="0">(DE-627)102201722</marc:subfield><marc:subfield code="0">(DE-576)191779873</marc:subfield></marc:datafield><marc:datafield tag="830" ind1=" " ind2="0"><marc:subfield code="a">Philosophy from Imperial Times to the end of Antiquity</marc:subfield><marc:subfield code="v">Volume 1</marc:subfield><marc:subfield code="w">(DE-627)1927251397</marc:subfield><marc:subfield code="w">(DE-600)3215891-9</marc:subfield><marc:subfield code="x">3052-8410</marc:subfield></marc:datafield><marc:datafield tag="920" ind1=" " ind2=" "><marc:subfield code="a">book</marc:subfield></marc:datafield><marc:datafield tag="SID" ind1=" " ind2=" "><marc:subfield code="a">Z39</marc:subfield><marc:subfield code="b">K10PLUS</marc:subfield></marc:datafield></marc:record>