<marc:record><marc:leader>03027cam a22003378i 4500</marc:leader><marc:controlfield tag="005">20250926163654.0</marc:controlfield><marc:controlfield tag="008">250518s2025    enk    |rb   |001 ||eng|c</marc:controlfield><marc:controlfield tag="001">990036756600409161</marc:controlfield><marc:datafield tag="SID" ind1=" " ind2=" "><marc:subfield code="a">Z39</marc:subfield><marc:subfield code="b">LOC</marc:subfield></marc:datafield><marc:datafield tag="010" ind1=" " ind2=" "><marc:subfield code="a">2025003020</marc:subfield></marc:datafield><marc:datafield tag="020" ind1=" " ind2=" "><marc:subfield code="a">9781032540634</marc:subfield><marc:subfield code="q">hbk</marc:subfield></marc:datafield><marc:datafield tag="020" ind1=" " ind2=" "><marc:subfield code="q">ebook</marc:subfield><marc:subfield code="z">9781003414988</marc:subfield></marc:datafield><marc:datafield tag="035" ind1=" " ind2=" "><marc:subfield code="a">(RUG01)003675660</marc:subfield></marc:datafield><marc:datafield tag="035" ind1=" " ind2=" "><marc:subfield code="a">24209481</marc:subfield></marc:datafield><marc:datafield tag="035" ind1=" " ind2=" "><marc:subfield code="a">(DLC)24209481</marc:subfield></marc:datafield><marc:datafield tag="040" ind1=" " ind2=" "><marc:subfield code="a">LBSOR</marc:subfield><marc:subfield code="b">eng</marc:subfield><marc:subfield code="c">LBSOR</marc:subfield><marc:subfield code="d">LBSOR</marc:subfield><marc:subfield code="d">DLC-MRC</marc:subfield><marc:subfield code="e">rda</marc:subfield></marc:datafield><marc:datafield tag="042" ind1=" " ind2=" "><marc:subfield code="a">pcc</marc:subfield></marc:datafield><marc:datafield tag="050" ind1="0" ind2="0"><marc:subfield code="a">BX1680</marc:subfield><marc:subfield code="b">.C75 2025</marc:subfield></marc:datafield><marc:datafield tag="082" ind1="0" ind2="0"><marc:subfield code="a">276.1/02</marc:subfield><marc:subfield code="2">23/eng/20250529</marc:subfield></marc:datafield><marc:datafield tag="100" ind1="1" ind2=" "><marc:subfield code="a">Cristini, Marco,</marc:subfield><marc:subfield code="d">1992-</marc:subfield><marc:subfield code="0">(viaf)12166714070226882678</marc:subfield></marc:datafield><marc:datafield tag="245" ind1="1" ind2="4"><marc:subfield code="a">The years of the infidels :</marc:subfield><marc:subfield code="b">African Latin Christianity from the vandals to the Almohads /</marc:subfield><marc:subfield code="c">Marco Cristini.</marc:subfield></marc:datafield><marc:datafield tag="260" ind1=" " ind2=" "><marc:subfield code="a">London :</marc:subfield><marc:subfield code="b">Routledge,</marc:subfield><marc:subfield code="c">2025.</marc:subfield></marc:datafield><marc:datafield tag="300" ind1=" " ind2=" "><marc:subfield code="a">XI, 257 p.: ill.</marc:subfield></marc:datafield><marc:datafield tag="504" ind1=" " ind2=" "><marc:subfield code="a">Includes bibliographical references and index.</marc:subfield></marc:datafield><marc:datafield tag="505" ind1="0" ind2=" "><marc:subfield code="a">The Vandal Kingdom : confrontation and coexistence -- Conquering Africa : Justinian&apos;s wars and the three controversy -- Gregory the Great and the African Church -- Monotheletism and the African Latin Church -- The Islamic conquest and its impact upon African Latin Christianity -- Three centuries of silence? African Christians under Islamic rule during the early Middle Ages -- Leo IX, Gregory VII, and the Church of Africa -- The Almohads and the end of African Latin Christianity.</marc:subfield></marc:datafield><marc:datafield tag="520" ind1=" " ind2=" "><marc:subfield code="a">&quot;This book examines African Latin Christianity from the fifth to the thirteenth century, exploring the complex interactions between local Christian communities and Vandals, Byzantines, and Arabs. Focusing on the resilience of successive generations of African Christians and their capacity to adapt to challenging political circumstances, Marco Cristini delves into their relationships with local rulers, popes, and European sovereigns such as Charlemagne. He argues that the history of Augustine&apos;s heirs represents a crucial phase in the transformation of the Mediterranean&apos;s religious landscape during Late Antiquity and the Early Middle Ages. This book offers readers fresh insights into much-debated topics, including the role of religious otherness under the Vandals, Justinian&apos;s religious policies, Christian-Muslim relations and the impact of Western medieval missionaries on indigenous Christian communities. It also sheds light on the remarkable longevity of African Latin Christianity, demonstrating its ability to not only survive but thrive under &apos;heretical&apos; or &apos;infidel&apos; rulers for nearly eight centuries. With its accessible, in-depth, and comprehensive analysis, this book is an essential resource for scholars, postgraduates, and undergraduates interested in Late Antiquity, the Early Middle Ages, the history of North Africa, pre-modern Christianity, early Islam and the Crusades&quot;-- Provided by publisher.</marc:subfield></marc:datafield><marc:datafield tag="610" ind1="2" ind2="0"><marc:subfield code="a">Catholic Church</marc:subfield><marc:subfield code="x">History</marc:subfield><marc:subfield code="y">To 1500</marc:subfield><marc:subfield code="z">Africa, North</marc:subfield></marc:datafield><marc:datafield tag="650" ind1=" " ind2="0"><marc:subfield code="a">Christianity and other religions</marc:subfield><marc:subfield code="x">History</marc:subfield><marc:subfield code="y">To 1500</marc:subfield><marc:subfield code="z">Africa, North</marc:subfield></marc:datafield><marc:datafield tag="651" ind1=" " ind2="0"><marc:subfield code="a">Africa, North</marc:subfield><marc:subfield code="x">Church history</marc:subfield></marc:datafield><marc:datafield tag="651" ind1=" " ind2="0"><marc:subfield code="a">Africa, North</marc:subfield><marc:subfield code="x">Religion</marc:subfield></marc:datafield><marc:datafield tag="920" ind1=" " ind2=" "><marc:subfield code="a">book</marc:subfield></marc:datafield></marc:record>