<marc:record><marc:leader>00603ntm a2200181 a 4500</marc:leader><marc:controlfield tag="005">20250917100818.0</marc:controlfield><marc:controlfield tag="008">250806|2025||||ne |||||rm||||||| ||eng|d</marc:controlfield><marc:controlfield tag="001">990036756560409161</marc:controlfield><marc:datafield tag="035" ind1=" " ind2=" "><marc:subfield code="a">(RUG01)003675656</marc:subfield></marc:datafield><marc:datafield tag="040" ind1=" " ind2=" "><marc:subfield code="a">BE-GnUNI</marc:subfield></marc:datafield><marc:datafield tag="100" ind1="1" ind2=" "><marc:subfield code="a">Dez, Jordan Fern,</marc:subfield><marc:subfield code="d">....-</marc:subfield><marc:subfield code="0">(viaf)</marc:subfield></marc:datafield><marc:datafield tag="245" ind1="1" ind2="4"><marc:subfield code="a">The political rights of migrants :</marc:subfield><marc:subfield code="b">undocumented migrant politics as human-rights making practice /</marc:subfield><marc:subfield code="c">door Jordan Fern Dez.</marc:subfield></marc:datafield><marc:datafield tag="260" ind1=" " ind2=" "><marc:subfield code="c">2025.</marc:subfield></marc:datafield><marc:datafield tag="300" ind1=" " ind2=" "><marc:subfield code="a">315 p.: ill.</marc:subfield></marc:datafield><marc:datafield tag="502" ind1=" " ind2=" "><marc:subfield code="a">Academisch proefschrift ter verkrijging van de graad doctor</marc:subfield></marc:datafield><marc:datafield tag="710" ind1="2" ind2=" "><marc:subfield code="a">Vrije Universiteit Amsterdam</marc:subfield></marc:datafield><marc:datafield tag="920" ind1=" " ind2=" "><marc:subfield code="a">phd</marc:subfield></marc:datafield><marc:datafield tag="922" ind1=" " ind2=" "><marc:subfield code="a">NIETUGENT</marc:subfield></marc:datafield></marc:record>