<marc:record><marc:leader>00611nam a2200169 a 4500</marc:leader><marc:controlfield tag="005">20250918232112.0</marc:controlfield><marc:controlfield tag="008">250806s1911    enk|||||r|||||||| ||eng|d</marc:controlfield><marc:controlfield tag="001">990036756550409161</marc:controlfield><marc:datafield tag="035" ind1=" " ind2=" "><marc:subfield code="a">(RUG01)003675655</marc:subfield></marc:datafield><marc:datafield tag="040" ind1=" " ind2=" "><marc:subfield code="a">BE-GnUNI</marc:subfield></marc:datafield><marc:datafield tag="100" ind1="1" ind2=" "><marc:subfield code="a">Darwin, Charles Robert,</marc:subfield><marc:subfield code="d">1809-1882</marc:subfield><marc:subfield code="0">(viaf)27063124</marc:subfield></marc:datafield><marc:datafield tag="245" ind1="1" ind2="4"><marc:subfield code="a">The origin of species by means of natural selection, or The preservation of favoured races in the struggle for life /</marc:subfield><marc:subfield code="c">by Charles Darwin.</marc:subfield></marc:datafield><marc:datafield tag="250" ind1=" " ind2=" "><marc:subfield code="a">Reprint</marc:subfield></marc:datafield><marc:datafield tag="260" ind1=" " ind2=" "><marc:subfield code="a">London :</marc:subfield><marc:subfield code="b">Murray,</marc:subfield><marc:subfield code="c">1911.</marc:subfield></marc:datafield><marc:datafield tag="300" ind1=" " ind2=" "><marc:subfield code="a">Xxxi, 703 p.: port.</marc:subfield></marc:datafield><marc:datafield tag="541" ind1=" " ind2=" "><marc:subfield code="3">BIB.S.059197</marc:subfield><marc:subfield code="c">Schenking</marc:subfield><marc:subfield code="a">Patroons, Hendrik</marc:subfield><marc:subfield code="d">00/07/2025</marc:subfield></marc:datafield><marc:datafield tag="920" ind1=" " ind2=" "><marc:subfield code="a">book</marc:subfield></marc:datafield></marc:record>