<marc:record><marc:leader>00726nam a2200205 a 4500</marc:leader><marc:controlfield tag="005">20250918232112.0</marc:controlfield><marc:controlfield tag="008">250806s1914    enk|||||r|||||||| ||eng|d</marc:controlfield><marc:controlfield tag="001">990036756510409161</marc:controlfield><marc:datafield tag="035" ind1=" " ind2=" "><marc:subfield code="a">(RUG01)003675651</marc:subfield></marc:datafield><marc:datafield tag="040" ind1=" " ind2=" "><marc:subfield code="a">BE-GnUNI</marc:subfield></marc:datafield><marc:datafield tag="100" ind1="1" ind2=" "><marc:subfield code="a">Bates, Henry Walter,</marc:subfield><marc:subfield code="d">1825-1892</marc:subfield><marc:subfield code="0">(viaf)44447548</marc:subfield></marc:datafield><marc:datafield tag="245" ind1="1" ind2="4"><marc:subfield code="a">The naturalist on the River Amazons /</marc:subfield><marc:subfield code="c">by Henry Walter Bates.</marc:subfield></marc:datafield><marc:datafield tag="246" ind1="2" ind2=" "><marc:subfield code="a">Bates&apos; Naturalist on the Amazons, with an appreciation by Darwin</marc:subfield></marc:datafield><marc:datafield tag="250" ind1=" " ind2=" "><marc:subfield code="a">Reprint</marc:subfield></marc:datafield><marc:datafield tag="260" ind1=" " ind2=" "><marc:subfield code="a">London :</marc:subfield><marc:subfield code="b">Dent,</marc:subfield><marc:subfield code="c">1914.</marc:subfield></marc:datafield><marc:datafield tag="300" ind1=" " ind2=" "><marc:subfield code="a">Xix, 407 p.: ill., krt.</marc:subfield></marc:datafield><marc:datafield tag="490" ind1="0" ind2=" "><marc:subfield code="a">Everyman&apos;s library. Science</marc:subfield></marc:datafield><marc:datafield tag="541" ind1=" " ind2=" "><marc:subfield code="3">BIB.S.059196</marc:subfield><marc:subfield code="c">Schenking</marc:subfield><marc:subfield code="a">Patroons, Hendrik</marc:subfield><marc:subfield code="d">00/07/2025</marc:subfield></marc:datafield><marc:datafield tag="700" ind1="1" ind2=" "><marc:subfield code="a">Darwin, Charles Robert,</marc:subfield><marc:subfield code="d">1809-1882</marc:subfield><marc:subfield code="0">(viaf)27063124</marc:subfield></marc:datafield><marc:datafield tag="920" ind1=" " ind2=" "><marc:subfield code="a">book</marc:subfield></marc:datafield></marc:record>