<marc:record><marc:leader>01458nam a2200217 u 4500</marc:leader><marc:controlfield tag="005">20250918232118.0</marc:controlfield><marc:controlfield tag="008">230411s2025    be |||||r|||||0|| ||dut|d</marc:controlfield><marc:controlfield tag="001">990036756490409161</marc:controlfield><marc:datafield tag="020" ind1=" " ind2=" "><marc:subfield code="a">9789400018716</marc:subfield></marc:datafield><marc:datafield tag="035" ind1=" " ind2=" "><marc:subfield code="a">(RUG01)003675649</marc:subfield></marc:datafield><marc:datafield tag="035" ind1=" " ind2=" "><marc:subfield code="a">(BeLVLBS)9994522347901471</marc:subfield></marc:datafield><marc:datafield tag="040" ind1=" " ind2=" "><marc:subfield code="a">BeLVLBS</marc:subfield><marc:subfield code="b">Language of cataloging varies</marc:subfield><marc:subfield code="e">rda based</marc:subfield></marc:datafield><marc:datafield tag="100" ind1="1" ind2=" "><marc:subfield code="a">Goetghebuer, Julie,</marc:subfield><marc:subfield code="d">1994-</marc:subfield><marc:subfield code="0">(ugent)802002581953</marc:subfield><marc:subfield code="0">(viaf)0</marc:subfield><marc:subfield code="4">aut</marc:subfield></marc:datafield><marc:datafield tag="245" ind1="1" ind2="0"><marc:subfield code="a">AI en financiële diensten :</marc:subfield><marc:subfield code="b">de juridische uitdagingen bij het gebruik van artificiële intelligentie in de krediet-, verzekerings- en beleggingssector /</marc:subfield><marc:subfield code="c">Julie Goetghebuer.</marc:subfield></marc:datafield><marc:datafield tag="260" ind1=" " ind2=" "><marc:subfield code="a">Brussel :</marc:subfield><marc:subfield code="b">Larcier Intersentia,</marc:subfield><marc:subfield code="c">2025.</marc:subfield></marc:datafield><marc:datafield tag="264" ind1=" " ind2="1"><marc:subfield code="a">Brussel :</marc:subfield><marc:subfield code="b">Larcier Intersentia,</marc:subfield><marc:subfield code="c">2025.</marc:subfield></marc:datafield><marc:datafield tag="300" ind1=" " ind2=" "><marc:subfield code="a">XVII, 642 p.</marc:subfield></marc:datafield><marc:datafield tag="490" ind1="0" ind2=" "><marc:subfield code="a">Instituut financieel recht</marc:subfield><marc:subfield code="a">Financial law institute</marc:subfield><marc:subfield code="v">29</marc:subfield></marc:datafield><marc:datafield tag="520" ind1="3" ind2=" "><marc:subfield code="a">Dit boek biedt een vernieuwend en uitgebreid inzicht in de impact van AI op krediet-, verzekerings- en beleggingsdiensten, met een focus op de verplichtingen die financiële dienstverleners tegenover consumenten moeten naleven en de handhavingsmechanismen die deze verplichtingen afdwingen. Het boek beoogt duidelijkheid te creëren voor zowel financiële dienstverleners als consumenten, met als doel het vertrouwen in AI te versterken, innovatie te bevorderen en tegelijkertijd een duurzame en verantwoorde inzet van AI in de financiële sector te waarborgen (Bron: Larcier-Intersentia).</marc:subfield></marc:datafield><marc:datafield tag="920" ind1=" " ind2=" "><marc:subfield code="a">book</marc:subfield></marc:datafield><marc:datafield tag="SID" ind1=" " ind2=" "><marc:subfield code="a">Z39</marc:subfield><marc:subfield code="b">32KUL_LIBIS_NETWORK</marc:subfield></marc:datafield></marc:record>