<marc:record><marc:leader>02258ntm a2200301 a 4500</marc:leader><marc:controlfield tag="005">20250918120640.0</marc:controlfield><marc:controlfield tag="008">250806q15011600xx |||||||||||||| ||dum|d</marc:controlfield><marc:controlfield tag="001">990036756470409161</marc:controlfield><marc:datafield tag="035" ind1=" " ind2=" "><marc:subfield code="a">(RUG01)003675647</marc:subfield></marc:datafield><marc:datafield tag="040" ind1=" " ind2=" "><marc:subfield code="a">BE-GnUNI</marc:subfield></marc:datafield><marc:datafield tag="245" ind1="0" ind2="0"><marc:subfield code="a">Culinaire en medische recepten.</marc:subfield></marc:datafield><marc:datafield tag="260" ind1=" " ind2=" "><marc:subfield code="c">16e eeuw.</marc:subfield></marc:datafield><marc:datafield tag="300" ind1=" " ind2=" "><marc:subfield code="a">70 f.</marc:subfield></marc:datafield><marc:datafield tag="340" ind1=" " ind2=" "><marc:subfield code="a">Papier</marc:subfield></marc:datafield><marc:datafield tag="500" ind1=" " ind2=" "><marc:subfield code="a">Met aanvullingen uit de 17e eeuw.</marc:subfield></marc:datafield><marc:datafield tag="505" ind1="0" ind2=" "><marc:subfield code="a">Deel 1 (p. 1-42): Verzameling van 92 culinaire recepten. Alle recepten, behalve 3, komen voor in Gheeraert Vorstelmans Nyeuwen Coock Boeck (1560).</marc:subfield></marc:datafield><marc:datafield tag="505" ind1="0" ind2=" "><marc:subfield code="a">Deel 2 (p. 43-82): Verzameling van 205 culinaire en medische recepten.</marc:subfield></marc:datafield><marc:datafield tag="505" ind1="0" ind2=" "><marc:subfield code="a">Deel 3 (p. 83-130): Verzameling van 135 recepten, waaronder 2 medische.</marc:subfield></marc:datafield><marc:datafield tag="505" ind1="0" ind2=" "><marc:subfield code="a">Deel 4 (p. 131-140): Verzameling van 20 medische recepten.</marc:subfield></marc:datafield><marc:datafield tag="520" ind1=" " ind2=" "><marc:subfield code="a">Verzamelband van vier 15de-eeuwse handschriften. De eerste drie delen van het handschrift bevatten culinaire recepten, het eerste (p. 1-42) is wellicht de bron van Gheeraert Vorselmans Nyeuwen Coock Boeck (1560). Het vierde omvat een twintigtal medische recepten. (Braekman, p. 28).</marc:subfield></marc:datafield><marc:datafield tag="561" ind1=" " ind2=" "><marc:subfield code="3">BHSL.HS.4972</marc:subfield><marc:subfield code="a">Herkomst: Koninklijke Academie voor Nederlandse Taal- en Letterkunde 20/03/2024.</marc:subfield></marc:datafield><marc:datafield tag="581" ind1=" " ind2=" "><marc:subfield code="a">Braekman, Willy L., Middeleeuwse witte en zwarte magie in het Nederlands taalgebied: gecommentarieerd compendium van incantamenta tot einde 16de eeuw, Gent, 1997, p. 28.</marc:subfield></marc:datafield><marc:datafield tag="581" ind1=" " ind2=" "><marc:subfield code="a">Braekman, Willy L., Een nieuw Zuidnederlands kookboek uit de vijftiende eeuw, Brussel, 1986, p. 14-19.</marc:subfield></marc:datafield><marc:datafield tag="581" ind1=" " ind2=" "><marc:subfield code="a">Inventaris der handschriften toebehorende aan de Koninklijke Vlaamsche Academie voor Taal- en Letterkunde, Verslagen en mededelingen van de Koninklijke Vlaamse Academie voor Taal- en Letterkunde (1899), p. 91. Hier opgenomen als handschrift 4.</marc:subfield></marc:datafield><marc:datafield tag="581" ind1=" " ind2=" "><marc:subfield code="a">Van Winter, Johanna Maria, ‘Kookboeken, Medisch of Culinair?’, in Voeding En Geneeskunde / Alimentation et Médecine: Acten van Het Colloquium / Actes Du Colloque Brussel-Bruxelles, 12.10.1990, ed. by Ria Jansen-Sieben and Frank Daelemans (Brussel: Archives et Bibliothèques de Belgique / Archief- en Bibliotheekwezen in België, 1993), pp. 153–65 (p. 154, 160).</marc:subfield></marc:datafield><marc:datafield tag="591" ind1=" " ind2=" "><marc:subfield code="a">Bijzondere collecties</marc:subfield></marc:datafield><marc:datafield tag="655" ind1=" " ind2="7"><marc:subfield code="a">Manuscripts.</marc:subfield><marc:subfield code="2">UGENTSC</marc:subfield></marc:datafield><marc:datafield tag="920" ind1=" " ind2=" "><marc:subfield code="a">manuscript</marc:subfield></marc:datafield></marc:record>