<marc:record><marc:leader>00679nam a2200181 a 4500</marc:leader><marc:controlfield tag="005">20250918232116.0</marc:controlfield><marc:controlfield tag="008">870625m18501851ne     |r    |||| ||dut||</marc:controlfield><marc:controlfield tag="001">990036756460409161</marc:controlfield><marc:datafield tag="035" ind1=" " ind2=" "><marc:subfield code="a">(RUG01)003675646</marc:subfield></marc:datafield><marc:datafield tag="040" ind1=" " ind2=" "><marc:subfield code="a">BE-GnUNI</marc:subfield></marc:datafield><marc:datafield tag="100" ind1="1" ind2=" "><marc:subfield code="a">Van Lennep, Jacob,</marc:subfield><marc:subfield code="d">1802-1868</marc:subfield><marc:subfield code="0">(viaf)32302512</marc:subfield></marc:datafield><marc:datafield tag="245" ind1="1" ind2="0"><marc:subfield code="a">Elizabeth Musch :</marc:subfield><marc:subfield code="b">een tafereel uit de zeventiende eeuw /</marc:subfield><marc:subfield code="c">door Mr. J. van Lennep.</marc:subfield></marc:datafield><marc:datafield tag="260" ind1=" " ind2=" "><marc:subfield code="a">Leiden :</marc:subfield><marc:subfield code="b">Sijthoff,</marc:subfield><marc:subfield code="c">1850-1851.</marc:subfield></marc:datafield><marc:datafield tag="300" ind1=" " ind2=" "><marc:subfield code="a">3 v.</marc:subfield></marc:datafield><marc:datafield tag="541" ind1=" " ind2=" "><marc:subfield code="3">BIB.S.059195</marc:subfield><marc:subfield code="c">Schenking</marc:subfield><marc:subfield code="a">De Schepper, Marcus</marc:subfield><marc:subfield code="d">11/12/2024</marc:subfield></marc:datafield><marc:datafield tag="561" ind1=" " ind2=" "><marc:subfield code="3">BIB.S.059195</marc:subfield><marc:subfield code="a">Herkomst v.1-3: Ex Libris Firmijn Van der Loot</marc:subfield></marc:datafield><marc:datafield tag="561" ind1=" " ind2=" "><marc:subfield code="3">BIB.S.059195</marc:subfield><marc:subfield code="a">Herkomst v.1: Ex Libris Collectie Buijnsters-Smets</marc:subfield></marc:datafield><marc:datafield tag="920" ind1=" " ind2=" "><marc:subfield code="a">book</marc:subfield></marc:datafield></marc:record>