<marc:record><marc:leader>01448ntm a2200241 a 4500</marc:leader><marc:controlfield tag="005">20250918120640.0</marc:controlfield><marc:controlfield tag="008">250806s1487    ne |||||||||||||| ||dum|d</marc:controlfield><marc:controlfield tag="001">990036756440409161</marc:controlfield><marc:datafield tag="035" ind1=" " ind2=" "><marc:subfield code="a">(RUG01)003675644</marc:subfield></marc:datafield><marc:datafield tag="040" ind1=" " ind2=" "><marc:subfield code="a">BE-GnUNI</marc:subfield></marc:datafield><marc:datafield tag="100" ind1="1" ind2=" "><marc:subfield code="a">Hermannus de Petra,</marc:subfield><marc:subfield code="d">....-1428</marc:subfield><marc:subfield code="0">(viaf)280635500</marc:subfield></marc:datafield><marc:datafield tag="245" ind1="1" ind2="0"><marc:subfield code="a">Die exposicie op dat heyleghe pater noster /</marc:subfield><marc:subfield code="c">Herman Stekin.</marc:subfield></marc:datafield><marc:datafield tag="260" ind1=" " ind2=" "><marc:subfield code="a">Maastricht,</marc:subfield><marc:subfield code="c">1487.</marc:subfield></marc:datafield><marc:datafield tag="300" ind1=" " ind2=" "><marc:subfield code="a">465 p.</marc:subfield></marc:datafield><marc:datafield tag="500" ind1=" " ind2=" "><marc:subfield code="a">Datum en plaats uit colofon (p. 464): Maagdendries Convent, Maastricht: 1487.</marc:subfield></marc:datafield><marc:datafield tag="500" ind1=" " ind2=" "><marc:subfield code="a">De Koninklijke Vlaamsche Academie heeft dit boek verworven door aankoop van de E.H. Peeters, te Hechtel, in het jaar 1929. Jacobs (1927) toont in zijn studie aan dat het manuscript een erfstuk was dat Jozef Peeters, destijds pastoor in Hechtel, had geërfd.</marc:subfield></marc:datafield><marc:datafield tag="520" ind1=" " ind2=" "><marc:subfield code="a">11 exposities op het onze vader van Herman Stekin.</marc:subfield></marc:datafield><marc:datafield tag="561" ind1=" " ind2=" "><marc:subfield code="3">BHSL.HS.4971</marc:subfield><marc:subfield code="a">Herkomst: Maastricht, tertiarissen S. Andreas &amp; S. Barbara, Maagdendriesch.</marc:subfield></marc:datafield><marc:datafield tag="561" ind1=" " ind2=" "><marc:subfield code="3">BHSL.HS.4971</marc:subfield><marc:subfield code="a">Herkomst: Dit boek hort toe aen J. M. Steppelmans (19e eeuw); Jos. Peeters (20e eeuw).</marc:subfield></marc:datafield><marc:datafield tag="561" ind1=" " ind2=" "><marc:subfield code="3">BHSL.HS.4971</marc:subfield><marc:subfield code="a">Herkomst: Koninklijke Academie voor Nederlandse Taal- en Letterkunde 20/03/2024.</marc:subfield></marc:datafield><marc:datafield tag="563" ind1=" " ind2=" "><marc:subfield code="3">BHSL.HS.4971</marc:subfield><marc:subfield code="a">Originele bruin lederen band over karton, blindbestempeld.</marc:subfield></marc:datafield><marc:datafield tag="581" ind1=" " ind2=" "><marc:subfield code="a">Jacobs, J., Her Herman Stekin van Scutdorpe, Verslagen en mededelingen van de Koninklijke Vlaamse Academie voor Taal- en Letterkunde (1927), p. 51-72.</marc:subfield></marc:datafield><marc:datafield tag="920" ind1=" " ind2=" "><marc:subfield code="a">manuscript</marc:subfield></marc:datafield></marc:record>