<marc:record><marc:leader>01225nam a2200241 a 4500</marc:leader><marc:controlfield tag="005">20250917111823.0</marc:controlfield><marc:controlfield tag="008">250806|2023||||be |||||rm||||||| ||eng|d</marc:controlfield><marc:controlfield tag="001">990036756430409161</marc:controlfield><marc:datafield tag="035" ind1=" " ind2=" "><marc:subfield code="a">(RUG01)003675643</marc:subfield></marc:datafield><marc:datafield tag="040" ind1=" " ind2=" "><marc:subfield code="a">BE-GnUNI</marc:subfield></marc:datafield><marc:datafield tag="041" ind1=" " ind2=" "><marc:subfield code="a">eng</marc:subfield><marc:subfield code="b">eng</marc:subfield><marc:subfield code="b">dut</marc:subfield></marc:datafield><marc:datafield tag="100" ind1="1" ind2=" "><marc:subfield code="a">Vervloessem, Elise,</marc:subfield><marc:subfield code="d">....-</marc:subfield><marc:subfield code="0">(viaf)</marc:subfield></marc:datafield><marc:datafield tag="245" ind1="1" ind2="4"><marc:subfield code="a">The role of pulsing and humidity in plasma-based nitrogen fixation :</marc:subfield><marc:subfield code="b">a combined experimental and modeling study /</marc:subfield><marc:subfield code="c">Elise Vervloessem.</marc:subfield></marc:datafield><marc:datafield tag="246" ind1="2" ind2=" "><marc:subfield code="a">De rol van pulsen en vochtigheid in plasmagebaseerde stikstoffixatie :</marc:subfield><marc:subfield code="b">een gecombineerde experimentele en computationele studie</marc:subfield></marc:datafield><marc:datafield tag="260" ind1=" " ind2=" "><marc:subfield code="a">Antwerp :</marc:subfield><marc:subfield code="b">University of Antwerp,</marc:subfield><marc:subfield code="c">2023.</marc:subfield></marc:datafield><marc:datafield tag="300" ind1=" " ind2=" "><marc:subfield code="a">Var. pag. : ill.</marc:subfield></marc:datafield><marc:datafield tag="502" ind1=" " ind2=" "><marc:subfield code="a">Thesis submitted for the degree of Doctor of Science: Chemistry (Faculty of Science, Department Chemistry, Antwerp, 2023), Doctor of Engineering Physics (Faculty Engineering and Architecture, Ghent)</marc:subfield></marc:datafield><marc:datafield tag="518" ind1=" " ind2=" "><marc:subfield code="o">Verdediging</marc:subfield><marc:subfield code="d">2023-06-20</marc:subfield><marc:subfield code="p">Antwerpen</marc:subfield></marc:datafield><marc:datafield tag="700" ind1="1" ind2=" "><marc:subfield code="a">Bogaerts, Annemie,</marc:subfield><marc:subfield code="d">....-</marc:subfield><marc:subfield code="0">(viaf)</marc:subfield><marc:subfield code="e">promotor</marc:subfield></marc:datafield><marc:datafield tag="700" ind1="1" ind2=" "><marc:subfield code="a">De Geyter, Nathalie,</marc:subfield><marc:subfield code="d">1981-</marc:subfield><marc:subfield code="0">(ugent)801001862760</marc:subfield><marc:subfield code="0">(viaf)</marc:subfield><marc:subfield code="e">copromotor</marc:subfield></marc:datafield><marc:datafield tag="710" ind1="2" ind2=" "><marc:subfield code="a">Ghent University</marc:subfield><marc:subfield code="b">Faculty of Engineering and Architecture</marc:subfield><marc:subfield code="b">Department of Applied physics</marc:subfield></marc:datafield><marc:datafield tag="920" ind1=" " ind2=" "><marc:subfield code="a">phd</marc:subfield></marc:datafield><marc:datafield tag="922" ind1=" " ind2=" "><marc:subfield code="a">UGENT-EA</marc:subfield></marc:datafield></marc:record>