<marc:record><marc:leader>02233nam a22002655i 4500</marc:leader><marc:controlfield tag="005">20250926144621.0</marc:controlfield><marc:controlfield tag="008">250319s2025    nyu    |r    |000 ||eng||</marc:controlfield><marc:controlfield tag="001">990036756420409161</marc:controlfield><marc:datafield tag="SID" ind1=" " ind2=" "><marc:subfield code="a">Z39</marc:subfield><marc:subfield code="b">LOC</marc:subfield></marc:datafield><marc:datafield tag="010" ind1=" " ind2=" "><marc:subfield code="a">2025934637</marc:subfield></marc:datafield><marc:datafield tag="020" ind1=" " ind2=" "><marc:subfield code="a">9780198973386</marc:subfield><marc:subfield code="q">hbk</marc:subfield></marc:datafield><marc:datafield tag="020" ind1=" " ind2=" "><marc:subfield code="z">9780198973393</marc:subfield></marc:datafield><marc:datafield tag="020" ind1=" " ind2=" "><marc:subfield code="q">(epub)</marc:subfield><marc:subfield code="z">9780198973379</marc:subfield></marc:datafield><marc:datafield tag="020" ind1=" " ind2=" "><marc:subfield code="z">9780198973362</marc:subfield></marc:datafield><marc:datafield tag="035" ind1=" " ind2=" "><marc:subfield code="a">(RUG01)003675642</marc:subfield></marc:datafield><marc:datafield tag="035" ind1=" " ind2=" "><marc:subfield code="a">24093929</marc:subfield></marc:datafield><marc:datafield tag="040" ind1=" " ind2=" "><marc:subfield code="a">DLC</marc:subfield><marc:subfield code="b">eng</marc:subfield><marc:subfield code="c">DLC</marc:subfield><marc:subfield code="e">rda</marc:subfield></marc:datafield><marc:datafield tag="042" ind1=" " ind2=" "><marc:subfield code="a">pcc</marc:subfield></marc:datafield><marc:datafield tag="100" ind1="1" ind2=" "><marc:subfield code="a">Stroumsa, Guy G.,</marc:subfield><marc:subfield code="d">1948-</marc:subfield><marc:subfield code="0">(viaf)9868818</marc:subfield></marc:datafield><marc:datafield tag="245" ind1="1" ind2="0"><marc:subfield code="a">Dynamics of monotheism in late antiquity /</marc:subfield><marc:subfield code="c">Guy G. Stroumsa.</marc:subfield></marc:datafield><marc:datafield tag="260" ind1=" " ind2="1"><marc:subfield code="a">Oxford :</marc:subfield><marc:subfield code="b">Oxford university press,</marc:subfield><marc:subfield code="c">2025.</marc:subfield></marc:datafield><marc:datafield tag="300" ind1=" " ind2=" "><marc:subfield code="a">X, 189 p.</marc:subfield></marc:datafield><marc:datafield tag="490" ind1="0" ind2=" "><marc:subfield code="a">Oxford studies in the Abrahamic religions</marc:subfield></marc:datafield><marc:datafield tag="520" ind1=" " ind2=" "><marc:subfield code="a">&quot;A chief aim of this book is to shed light, through the prism of the religious history of late antiquity, on the transformation mechanisms of religious ideas. In The End of Sacrifice: Religious Transformations in Late Antiquity, I had focused on rituals. Here, the emphasis is on theological conceptions. From early Christianity to the emergence of Islam, the long late antiquity denotes a truly revolutionary period in the history of religions. In many ways, religious ritual patterns and theological worldviews were then radically transformed throughout the Near East and the Mediterranean. In particular, the traditional polytheistic systems collapsed, giving way to various forms of monotheism and dualism. The present study seeks to analyze this multifaceted revolution as a whole, rather than focusing, as is usually the case, on distinct religious communities and traditions, such as Judaism, Zoroastrianism, Gnosticism, Christianity, Manichaeism and earliest Islam. Many of the elements of religious change in our period can be perceived as a praeparatio coranica, as it were, as they set the scene for the advent of Islam. The thrust of the book is to identify the key dynamics through which religious change happened in the kaleidoscope of religious conceptions. The analysis emphasizes the dialectics between monotheist and dualist perceptions and systems. It will also seek to identify the core elements of the Abrahamic religions in the making&quot;--</marc:subfield><marc:subfield code="c">Provided by publisher.</marc:subfield></marc:datafield><marc:datafield tag="920" ind1=" " ind2=" "><marc:subfield code="a">book</marc:subfield></marc:datafield></marc:record>