<marc:record><marc:leader>01060nam a2200229 a 4500</marc:leader><marc:controlfield tag="005">20250917111822.0</marc:controlfield><marc:controlfield tag="008">250806|2017||||be |||||rm||||||| ||eng|d</marc:controlfield><marc:controlfield tag="001">990036756400409161</marc:controlfield><marc:datafield tag="035" ind1=" " ind2=" "><marc:subfield code="a">(RUG01)003675640</marc:subfield></marc:datafield><marc:datafield tag="040" ind1=" " ind2=" "><marc:subfield code="a">BE-GnUNI</marc:subfield></marc:datafield><marc:datafield tag="041" ind1=" " ind2=" "><marc:subfield code="a">eng</marc:subfield><marc:subfield code="b">eng</marc:subfield><marc:subfield code="b">dut</marc:subfield></marc:datafield><marc:datafield tag="100" ind1="1" ind2=" "><marc:subfield code="a">Sechelea, Andrei-Tudor,</marc:subfield><marc:subfield code="d">....-</marc:subfield><marc:subfield code="0">(viaf)</marc:subfield></marc:datafield><marc:datafield tag="245" ind1="1" ind2="0"><marc:subfield code="a">Binary source coding with side-information /</marc:subfield><marc:subfield code="c">Andrei-Tudor Sechelea.</marc:subfield></marc:datafield><marc:datafield tag="260" ind1=" " ind2=" "><marc:subfield code="a">Brussel :</marc:subfield><marc:subfield code="b">VUB,</marc:subfield><marc:subfield code="c">2017.</marc:subfield></marc:datafield><marc:datafield tag="300" ind1=" " ind2=" "><marc:subfield code="a">XV, 152 p. : ill.</marc:subfield></marc:datafield><marc:datafield tag="502" ind1=" " ind2=" "><marc:subfield code="a">Thesis submitted in fulfilment of the requirements for the award of the degree of Doctor of Engineering Sciences (Doctor in de ingenieurswetenschappen) from Vrije Universiteit Brussel and Doctor of Engineering (Doctor in de Ingenieurswetenschappen) from Universiteit gent</marc:subfield></marc:datafield><marc:datafield tag="518" ind1=" " ind2=" "><marc:subfield code="o">Verdediging</marc:subfield><marc:subfield code="d">2017-02-08</marc:subfield><marc:subfield code="p">Gent</marc:subfield></marc:datafield><marc:datafield tag="700" ind1="1" ind2=" "><marc:subfield code="a">Munteanu, Adrian,</marc:subfield><marc:subfield code="d">....-</marc:subfield><marc:subfield code="0">(viaf)</marc:subfield><marc:subfield code="e">promotor</marc:subfield></marc:datafield><marc:datafield tag="700" ind1="1" ind2=" "><marc:subfield code="a">Pizurica, Aleksandra,</marc:subfield><marc:subfield code="d">....-</marc:subfield><marc:subfield code="0">(viaf)</marc:subfield><marc:subfield code="e">copromotor</marc:subfield></marc:datafield><marc:datafield tag="710" ind1="2" ind2=" "><marc:subfield code="a">Ghent University</marc:subfield><marc:subfield code="b">Faculty of Engineering and Architecture</marc:subfield><marc:subfield code="b">Department of Electronics and Informatics</marc:subfield></marc:datafield><marc:datafield tag="920" ind1=" " ind2=" "><marc:subfield code="a">phd</marc:subfield></marc:datafield><marc:datafield tag="922" ind1=" " ind2=" "><marc:subfield code="a">UGENT-EA</marc:subfield></marc:datafield></marc:record>