<marc:record><marc:leader>02090ntm a2200397 a 4500</marc:leader><marc:controlfield tag="005">20250918120636.0</marc:controlfield><marc:controlfield tag="008">250806q15101696be |||||#|||||||| ||dum|d</marc:controlfield><marc:controlfield tag="001">990036756390409161</marc:controlfield><marc:datafield tag="035" ind1=" " ind2=" "><marc:subfield code="a">(RUG01)003675639</marc:subfield></marc:datafield><marc:datafield tag="040" ind1=" " ind2=" "><marc:subfield code="a">BE-GnUNI</marc:subfield></marc:datafield><marc:datafield tag="100" ind1="1" ind2=" "><marc:subfield code="a">Thomas Cantimpratensis,</marc:subfield><marc:subfield code="d">1200?-1270?</marc:subfield><marc:subfield code="0">(viaf)100174390</marc:subfield></marc:datafield><marc:datafield tag="245" ind1="1" ind2="0"><marc:subfield code="a">Boeck der byen.</marc:subfield></marc:datafield><marc:datafield tag="246" ind1="2" ind2=" "><marc:subfield code="a">Thomas de Cantimprato, Bonum universale de apibus; Sermons by Beda Venerabilis, Augustinus, Johannes Chrysostomus, Ambrosius, Urbanus and Origines</marc:subfield></marc:datafield><marc:datafield tag="260" ind1=" " ind2=" "><marc:subfield code="a">Haarlem,</marc:subfield><marc:subfield code="c">1510.</marc:subfield></marc:datafield><marc:datafield tag="300" ind1=" " ind2=" "><marc:subfield code="a">291 f.</marc:subfield></marc:datafield><marc:datafield tag="340" ind1=" " ind2=" "><marc:subfield code="a">Papier</marc:subfield></marc:datafield><marc:datafield tag="500" ind1=" " ind2=" "><marc:subfield code="a">Kopiist is Griet Lodewickxdochter. Zie f. 157v: &quot;dit boeck heeft ghescreven suster griet lodewicxdr van antwerpen bidt voer hoer en voer hoer ouders anno Anno M.D.X. Die horneten vervolghen oec die byen ende si aenvechtense wt natuerlike hate.&quot;</marc:subfield></marc:datafield><marc:datafield tag="505" ind1="0" ind2=" "><marc:subfield code="a">Boeck der byen (ff. 1r-157v).</marc:subfield></marc:datafield><marc:datafield tag="505" ind1="0" ind2=" "><marc:subfield code="a">Homelie van Augustinus (ff. 266v-291r).</marc:subfield></marc:datafield><marc:datafield tag="505" ind1="0" ind2=" "><marc:subfield code="a">Homelie van Beda Venerabilis (ff. 160r-265v).</marc:subfield></marc:datafield><marc:datafield tag="505" ind1="0" ind2=" "><marc:subfield code="a">Kalender voor homelie van Beda Venerabilis (ff. 159v 159r).</marc:subfield></marc:datafield><marc:datafield tag="505" ind1="0" ind2=" "><marc:subfield code="a">Preek van Ambrosius (ff. 288r-289r).</marc:subfield></marc:datafield><marc:datafield tag="505" ind1="0" ind2=" "><marc:subfield code="a">Preek van Origenes (ff. 209v-214r).</marc:subfield></marc:datafield><marc:datafield tag="505" ind1="0" ind2=" "><marc:subfield code="a">Preek van Urbanus IV (ff. 190v-192v).</marc:subfield></marc:datafield><marc:datafield tag="505" ind1="0" ind2=" "><marc:subfield code="a">Preken van Johannes Chrysostomus (ff. 203r-260r).</marc:subfield></marc:datafield><marc:datafield tag="561" ind1=" " ind2=" "><marc:subfield code="3">BHSL.HS.4970</marc:subfield><marc:subfield code="a">Herkomst: Koninklijke Academie voor Nederlandse Taal- en Letterkunde 20/03/2024.</marc:subfield></marc:datafield><marc:datafield tag="561" ind1=" " ind2=" "><marc:subfield code="3">BHSL.HS.4970</marc:subfield><marc:subfield code="a">Herkomst: klooster Maria Magdalena te Haarlem, Derde Orde van St. Franciscus (?).</marc:subfield></marc:datafield><marc:datafield tag="581" ind1=" " ind2=" "><marc:subfield code="a">Stutvoet-Joanknecht, C. M., Der byen boeck. De Middelnederlandse vertalingen van Bonum universale de apibus van Thomas van Cantimpré en hun achtergrond, Amsterdam, 1990, p. 92-94.</marc:subfield></marc:datafield><marc:datafield tag="591" ind1=" " ind2=" "><marc:subfield code="a">Bijzondere collecties</marc:subfield></marc:datafield><marc:datafield tag="591" ind1=" " ind2=" "><marc:subfield code="a">Medieval manuscripts</marc:subfield></marc:datafield><marc:datafield tag="600" ind1="0" ind2="0"><marc:subfield code="a">Thomas,</marc:subfield><marc:subfield code="c">de Cantimpré,</marc:subfield><marc:subfield code="d">approximately 1200-approximately 1270.</marc:subfield><marc:subfield code="t">Bonum universale de apibus.</marc:subfield></marc:datafield><marc:datafield tag="650" ind1=" " ind2="0"><marc:subfield code="a">Bees</marc:subfield><marc:subfield code="v">Early works to 1800.</marc:subfield></marc:datafield><marc:datafield tag="655" ind1=" " ind2="7"><marc:subfield code="a">Manuscripts.</marc:subfield><marc:subfield code="2">UGENTSC</marc:subfield></marc:datafield><marc:datafield tag="700" ind1="1" ind2=" "><marc:subfield code="a">Lodewicxdochter, Griet,</marc:subfield><marc:subfield code="d">....-</marc:subfield><marc:subfield code="0">(viaf)0</marc:subfield></marc:datafield><marc:datafield tag="765" ind1="0" ind2="8"><marc:subfield code="a">Bonum universale de proprietatibus apum</marc:subfield></marc:datafield><marc:datafield tag="920" ind1=" " ind2=" "><marc:subfield code="a">manuscript</marc:subfield></marc:datafield></marc:record>