<marc:record><marc:leader>01391nam a2200169 a 4500</marc:leader><marc:controlfield tag="005">20250918232113.0</marc:controlfield><marc:controlfield tag="008">250806s2023    be |||||r|||||||| ||dut|d</marc:controlfield><marc:controlfield tag="001">990036756370409161</marc:controlfield><marc:datafield tag="020" ind1=" " ind2=" "><marc:subfield code="a">9789464674323</marc:subfield></marc:datafield><marc:datafield tag="035" ind1=" " ind2=" "><marc:subfield code="a">(RUG01)003675637</marc:subfield></marc:datafield><marc:datafield tag="040" ind1=" " ind2=" "><marc:subfield code="a">BE-GnUNI</marc:subfield></marc:datafield><marc:datafield tag="100" ind1="1" ind2=" "><marc:subfield code="a">De Neve, Jan,</marc:subfield><marc:subfield code="d">1985-</marc:subfield><marc:subfield code="0">(ugent)802000214749</marc:subfield></marc:datafield><marc:datafield tag="245" ind1="1" ind2="0"><marc:subfield code="a">Redeneren met data :</marc:subfield><marc:subfield code="b">een introductie statistiek voor de gedragswetenschappen /</marc:subfield><marc:subfield code="c">Jan De Neve.</marc:subfield></marc:datafield><marc:datafield tag="260" ind1=" " ind2=" "><marc:subfield code="a">Leuven :</marc:subfield><marc:subfield code="b">Acco,</marc:subfield><marc:subfield code="c">2023.</marc:subfield></marc:datafield><marc:datafield tag="300" ind1=" " ind2=" "><marc:subfield code="a">258 p.</marc:subfield></marc:datafield><marc:datafield tag="520" ind1=" " ind2=" "><marc:subfield code="a">Dit handboek geeft een inleiding tot statistiek waarbij redeneren met data centraal staat. Aan de hand van drie gedetailleerde studies uit de gedragswetenschappen krijgt de lezer een duidelijk beeld hoe statistiek in onderzoek wordt ingezet. Dankzij het gebruik van echte data wordt het probleemoplossend en besluitvormend aspect van statistiek binnen het onderzoeksproces in de verf gezet. Redeneren met data behandelt zowel beschrijvende statistiek als inductieve statistiek in detail. Beschrijvende statistiek laat toe om met relatief eenvoudige technieken inzichten te halen uit data. Inductieve statistiek daarentegen richt zich op het onderzoeken van de onderliggende processen die hebben geleid tot de verzamelde data. De inductieve analyses worden gedetailleerd besproken aan de hand van simulaties en met een minimum aan kansrekening zodat de focus op conceptueel begrip behouden blijft.</marc:subfield></marc:datafield><marc:datafield tag="920" ind1=" " ind2=" "><marc:subfield code="a">book</marc:subfield></marc:datafield></marc:record>