<marc:record><marc:leader>01309nam a2200253 a 4500</marc:leader><marc:controlfield tag="005">20250923150746.0</marc:controlfield><marc:controlfield tag="008">250806|2023||||be |||||rm||||||| ||eng|d</marc:controlfield><marc:controlfield tag="001">990036756360409161</marc:controlfield><marc:datafield tag="035" ind1=" " ind2=" "><marc:subfield code="a">(RUG01)003675636</marc:subfield></marc:datafield><marc:datafield tag="040" ind1=" " ind2=" "><marc:subfield code="a">BE-GnUNI</marc:subfield></marc:datafield><marc:datafield tag="041" ind1=" " ind2=" "><marc:subfield code="a">eng</marc:subfield><marc:subfield code="b">eng</marc:subfield><marc:subfield code="b">dut</marc:subfield></marc:datafield><marc:datafield tag="100" ind1="1" ind2=" "><marc:subfield code="a">De Backer, Pieter,</marc:subfield><marc:subfield code="d">....-</marc:subfield><marc:subfield code="0">(ugent)00701677</marc:subfield><marc:subfield code="0">(viaf)</marc:subfield></marc:datafield><marc:datafield tag="245" ind1="1" ind2="0"><marc:subfield code="a">Peri-operative digital planning in robot-assisted partial nephrectomy :</marc:subfield><marc:subfield code="b">bridging the gap between artificial intelligence, augmented reality and surgical data science /</marc:subfield><marc:subfield code="c">Pieter De Backer.</marc:subfield></marc:datafield><marc:datafield tag="260" ind1=" " ind2=" "><marc:subfield code="a">Ghent :</marc:subfield><marc:subfield code="b">Ghent University,</marc:subfield><marc:subfield code="c">2023.</marc:subfield></marc:datafield><marc:datafield tag="300" ind1=" " ind2=" "><marc:subfield code="a">282 p. : ill.</marc:subfield></marc:datafield><marc:datafield tag="502" ind1=" " ind2=" "><marc:subfield code="a">Thesis submitted to fulfil the requirements for the degree of Doctor of Health Sciences and of Biomedical Engineering</marc:subfield></marc:datafield><marc:datafield tag="518" ind1=" " ind2=" "><marc:subfield code="d">2023-12-15</marc:subfield><marc:subfield code="o">Verdediging</marc:subfield></marc:datafield><marc:datafield tag="700" ind1="1" ind2=" "><marc:subfield code="a">Decaestecker, Karel,</marc:subfield><marc:subfield code="d">1981-</marc:subfield><marc:subfield code="e">promotor</marc:subfield><marc:subfield code="0">(ugent)802001490705</marc:subfield><marc:subfield code="0">(viaf)22150565617206252071</marc:subfield></marc:datafield><marc:datafield tag="700" ind1="1" ind2=" "><marc:subfield code="a">Debbaut, Charlotte,</marc:subfield><marc:subfield code="d">1986-</marc:subfield><marc:subfield code="e">copromotor</marc:subfield><marc:subfield code="0">(ugent)802000602244</marc:subfield><marc:subfield code="0">(viaf)</marc:subfield></marc:datafield><marc:datafield tag="700" ind1="1" ind2=" "><marc:subfield code="a">Mottrie, Alexandre,</marc:subfield><marc:subfield code="d">1964-</marc:subfield><marc:subfield code="e">copromotor</marc:subfield><marc:subfield code="0">(ugent)802001230825</marc:subfield><marc:subfield code="0">(viaf)</marc:subfield></marc:datafield><marc:datafield tag="710" ind1="2" ind2=" "><marc:subfield code="a">Ghent University</marc:subfield><marc:subfield code="b">Faculty of Medicine and Health Sciences</marc:subfield><marc:subfield code="b">Department of Human Structure and Repair</marc:subfield></marc:datafield><marc:datafield tag="710" ind1="2" ind2=" "><marc:subfield code="a">Ghent University</marc:subfield><marc:subfield code="b">Faculty of Engineering and Architecture</marc:subfield><marc:subfield code="b">Department of Electronics and information systems</marc:subfield></marc:datafield><marc:datafield tag="920" ind1=" " ind2=" "><marc:subfield code="a">phd</marc:subfield></marc:datafield><marc:datafield tag="922" ind1=" " ind2=" "><marc:subfield code="a">UGENT-EA</marc:subfield></marc:datafield></marc:record>