<marc:record><marc:leader>04333cam a2200373 i 4500</marc:leader><marc:controlfield tag="005">20250918232112.0</marc:controlfield><marc:controlfield tag="008">150622s2015    enk    |rb   |001 ||eng||</marc:controlfield><marc:controlfield tag="001">990036756310409161</marc:controlfield><marc:datafield tag="010" ind1=" " ind2=" "><marc:subfield code="a">2015024718</marc:subfield></marc:datafield><marc:datafield tag="020" ind1=" " ind2=" "><marc:subfield code="a">9781107087859</marc:subfield><marc:subfield code="q">(hardback)</marc:subfield></marc:datafield><marc:datafield tag="020" ind1=" " ind2=" "><marc:subfield code="a">9781107458147</marc:subfield><marc:subfield code="q">(paperback)</marc:subfield></marc:datafield><marc:datafield tag="035" ind1=" " ind2=" "><marc:subfield code="a">(RUG01)003675631</marc:subfield></marc:datafield><marc:datafield tag="035" ind1=" " ind2=" "><marc:subfield code="a">18667759</marc:subfield></marc:datafield><marc:datafield tag="040" ind1=" " ind2=" "><marc:subfield code="a">DLC</marc:subfield><marc:subfield code="b">eng</marc:subfield><marc:subfield code="c">DLC</marc:subfield><marc:subfield code="d">DLC</marc:subfield><marc:subfield code="e">rda</marc:subfield></marc:datafield><marc:datafield tag="042" ind1=" " ind2=" "><marc:subfield code="a">pcc</marc:subfield></marc:datafield><marc:datafield tag="043" ind1=" " ind2=" "><marc:subfield code="a">mm-----</marc:subfield></marc:datafield><marc:datafield tag="050" ind1="0" ind2="0"><marc:subfield code="a">K3275</marc:subfield><marc:subfield code="b">.M537 2015</marc:subfield></marc:datafield><marc:datafield tag="082" ind1="0" ind2="0"><marc:subfield code="a">325.09182/2</marc:subfield><marc:subfield code="2">23</marc:subfield></marc:datafield><marc:datafield tag="245" ind1="0" ind2="0"><marc:subfield code="a">Migration in the Mediterranean :</marc:subfield><marc:subfield code="b">mechanisms of international cooperation /</marc:subfield><marc:subfield code="c">edited by Francesca Ippolito and Seline Trevisanut, University of Cagliari, University of Utrech.</marc:subfield></marc:datafield><marc:datafield tag="260" ind1=" " ind2=" "><marc:subfield code="a">Cambridge, United Kingdom :</marc:subfield><marc:subfield code="b">Cambridge University Press,</marc:subfield><marc:subfield code="c">2015.</marc:subfield></marc:datafield><marc:datafield tag="264" ind1=" " ind2="1"><marc:subfield code="a">Cambridge, United Kingdom :</marc:subfield><marc:subfield code="b">Cambridge University Press,</marc:subfield><marc:subfield code="c">2015.</marc:subfield></marc:datafield><marc:datafield tag="300" ind1=" " ind2=" "><marc:subfield code="a">X, 332 p. ;</marc:subfield><marc:subfield code="c">24 cm.</marc:subfield></marc:datafield><marc:datafield tag="504" ind1=" " ind2=" "><marc:subfield code="a">Includes bibliographical references and index.</marc:subfield></marc:datafield><marc:datafield tag="505" ind1="8" ind2=" "><marc:subfield code="a">Machine generated contents note: Part I. Multilevel Cooperation in the Mediterranean: 1. Conceptualizing a migrant&apos;s rights-based EuroMed cooperation: political, legal and judicial rationale Francesca Ippolito; 2. EuroMed, migration, and frenemy-ship: pretending to deepen cooperation across the Mediterranean Elena Basheska and Dimitry Kochenov; 3. The League of Arab States and the protection of migrants Janeen Rashmawi and Mervat Rishmawi; 4. The roles of the African Union and its Member States in managing migration across the Mediterranean Martin Welz; 5. Expanding protection space in Libya and Tunisia after the &apos;Arab Spring&apos;: reflections on UNHCR&apos;s evolving role in mixed migration Elizabeth Eyster and Emanuela Paoletti; 6. Strengthening the cooperation between IOM and the EU in the field of migration Julinda Bequiraj; Part II. Managing Regular and Irregular Migration in the Mediterranean: 7. Euro-Mediterranean labour migration: a mutually beneficial partnership? Anja Wiesbrock; 8. Regulating migration and asylum in the Maghreb: which inspiration for an accelerated legal development? Delphine Perrin; 9. The EU external border policy: managing irregular migration to Europe Seline Trevisanut; 10. The EU and the obligation of non-refoulement at sea Efthymios Papastavridis; 11. Obligation to readmit? The relationship between interstate and EU readmission agreements Maria Giulia Giuffre;; 12. The cooperative mechanism established by the migrant smuggling protocol to the UN Convention against Transnational Organized Crime Patricia Mallia.</marc:subfield></marc:datafield><marc:datafield tag="520" ind1=" " ind2=" "><marc:subfield code="a">&quot;Mediterranean states have developed various cooperation mechanisms in order to cope with the issues that arise from migration. This book critically analyses how institutional actors act and interact on the international scene in the control and management of migration in the Mediterranean. It highlights how, even though the involvement of &apos;universal&apos; international organisations guarantees a certain balance in setting the goals of cooperation mechanisms and buttresses a certain coherence of the actions, the protection of migrants&apos; fundamental rights is still an objective as opposed to a reality, and security imperatives and trends still prevail in the aftermath of the 2011 Arab Spring&quot;--</marc:subfield><marc:subfield code="c">Provided by publisher.</marc:subfield></marc:datafield><marc:datafield tag="520" ind1=" " ind2=" "><marc:subfield code="a">&quot;The Mediterranean Sea has always been a route for migration. For centuries caravans have crossed its waters for the most diverse reasons: commerce, war, pilgrimage, cultural exchange, etc. In the last decades, these same waters constitute the scenery of what appears as a never ending tragedy, irregular migration and the thousands of related deaths. According to the United Nations High Commissioner for Refugees (UNHCR) and the International Organization for Migration (IOM), 2014 has been so far the deadliest year for the Mediterranean, with nearly 1,900 migrants lost their lives, compared to the 700 recorded in 2013 and about 500 recorded in 2012&quot;--</marc:subfield><marc:subfield code="c">Provided by publisher.</marc:subfield></marc:datafield><marc:datafield tag="650" ind1=" " ind2="0"><marc:subfield code="a">Asylum, Right of</marc:subfield><marc:subfield code="z">Mediterranean Region.</marc:subfield></marc:datafield><marc:datafield tag="650" ind1=" " ind2="0"><marc:subfield code="a">Boat people</marc:subfield><marc:subfield code="x">Legal status, laws, etc.</marc:subfield><marc:subfield code="z">Mediterranean Region.</marc:subfield></marc:datafield><marc:datafield tag="650" ind1=" " ind2="0"><marc:subfield code="a">Emigration and immigration law</marc:subfield><marc:subfield code="z">Mediterranean Region.</marc:subfield></marc:datafield><marc:datafield tag="650" ind1=" " ind2="0"><marc:subfield code="a">Noncitizens</marc:subfield><marc:subfield code="z">Mediterranean Region.</marc:subfield></marc:datafield><marc:datafield tag="700" ind1="1" ind2=" "><marc:subfield code="a">Ippolito, Francesca,</marc:subfield><marc:subfield code="d">....-</marc:subfield><marc:subfield code="0">(viaf)</marc:subfield><marc:subfield code="4">edt</marc:subfield></marc:datafield><marc:datafield tag="700" ind1="1" ind2=" "><marc:subfield code="a">Trevisanut, Seline,</marc:subfield><marc:subfield code="d">....-</marc:subfield><marc:subfield code="0">(viaf)</marc:subfield><marc:subfield code="4">edt</marc:subfield></marc:datafield><marc:datafield tag="920" ind1=" " ind2=" "><marc:subfield code="a">book</marc:subfield></marc:datafield><marc:datafield tag="SID" ind1=" " ind2=" "><marc:subfield code="a">Z39</marc:subfield><marc:subfield code="b">LOC</marc:subfield></marc:datafield></marc:record>