<marc:record><marc:leader>00726njm a2200205 a 4500</marc:leader><marc:controlfield tag="005">20250918114924.0</marc:controlfield><marc:controlfield tag="008">250804nuuuuuuuuxx ||||| |||||||| | fre|d</marc:controlfield><marc:controlfield tag="001">990036756300409161</marc:controlfield><marc:datafield tag="028" ind1="1" ind2="0"><marc:subfield code="a">95222²</marc:subfield><marc:subfield code="b">Parlophon</marc:subfield></marc:datafield><marc:datafield tag="028" ind1="1" ind2="0"><marc:subfield code="a">95223²</marc:subfield><marc:subfield code="b">Parlophon</marc:subfield></marc:datafield><marc:datafield tag="028" ind1="2" ind2="0"><marc:subfield code="a">B. 22.222</marc:subfield><marc:subfield code="b">Parlophon</marc:subfield></marc:datafield><marc:datafield tag="035" ind1=" " ind2=" "><marc:subfield code="a">(RUG01)003675630</marc:subfield></marc:datafield><marc:datafield tag="040" ind1=" " ind2=" "><marc:subfield code="a">BE-GnUNI</marc:subfield></marc:datafield><marc:datafield tag="100" ind1="1" ind2=" "><marc:subfield code="a">Méhul, Étienne Nicolas,</marc:subfield><marc:subfield code="d">1763-1817</marc:subfield><marc:subfield code="0">(viaf)61660163</marc:subfield><marc:subfield code="4">cmp</marc:subfield></marc:datafield><marc:datafield tag="245" ind1="1" ind2="0"><marc:subfield code="a">Ouverture du jeune Henry, 1° partie 1; 2° partie /</marc:subfield><marc:subfield code="c">Méhul-Nardon; orchestre symphonique; dir. Victor Alix.</marc:subfield></marc:datafield><marc:datafield tag="260" ind1=" " ind2=" "><marc:subfield code="a">S.l. :</marc:subfield><marc:subfield code="b">Parlophon,</marc:subfield><marc:subfield code="c">n.d.</marc:subfield></marc:datafield><marc:datafield tag="300" ind1=" " ind2=" "><marc:subfield code="a">1 grammofoonplaat :</marc:subfield><marc:subfield code="b">78 rpm ;</marc:subfield><marc:subfield code="c">25 cm.</marc:subfield></marc:datafield><marc:datafield tag="700" ind1="1" ind2=" "><marc:subfield code="a">Alix, Victor,</marc:subfield><marc:subfield code="d">1886-1968</marc:subfield><marc:subfield code="0">(viaf)32199663</marc:subfield><marc:subfield code="4">cnd</marc:subfield></marc:datafield><marc:datafield tag="710" ind1="2" ind2=" "><marc:subfield code="a">Carl Lindström A.G.</marc:subfield></marc:datafield><marc:datafield tag="920" ind1=" " ind2=" "><marc:subfield code="a">audio</marc:subfield></marc:datafield></marc:record>