<marc:record><marc:leader>00913cam a2200277   4500</marc:leader><marc:controlfield tag="005">20250918232114.0</marc:controlfield><marc:controlfield tag="008">680301r19681896nyuach |rb   |000 ||eng||</marc:controlfield><marc:controlfield tag="001">990036756230409161</marc:controlfield><marc:datafield tag="010" ind1=" " ind2=" "><marc:subfield code="a">68017152</marc:subfield></marc:datafield><marc:datafield tag="035" ind1=" " ind2=" "><marc:subfield code="a">(RUG01)003675623</marc:subfield></marc:datafield><marc:datafield tag="035" ind1=" " ind2=" "><marc:subfield code="a">4539589</marc:subfield></marc:datafield><marc:datafield tag="035" ind1=" " ind2=" "><marc:subfield code="a">(DLC) 68017152</marc:subfield></marc:datafield><marc:datafield tag="040" ind1=" " ind2=" "><marc:subfield code="a">DLC</marc:subfield><marc:subfield code="c">DLC</marc:subfield><marc:subfield code="d">DLC</marc:subfield></marc:datafield><marc:datafield tag="050" ind1="0" ind2="0"><marc:subfield code="a">Z5906</marc:subfield><marc:subfield code="b">.T44 1968</marc:subfield></marc:datafield><marc:datafield tag="082" ind1="0" ind2="0"><marc:subfield code="a">016.7968/6</marc:subfield></marc:datafield><marc:datafield tag="100" ind1="1" ind2=" "><marc:subfield code="a">Thimm, Carl Albert,</marc:subfield><marc:subfield code="d">1856-1932</marc:subfield><marc:subfield code="0">(viaf)66638643</marc:subfield></marc:datafield><marc:datafield tag="245" ind1="1" ind2="2"><marc:subfield code="a">A complete bibliography of fencing &amp; duelling /</marc:subfield><marc:subfield code="c">[by] Carl A. Thimm.</marc:subfield></marc:datafield><marc:datafield tag="260" ind1=" " ind2=" "><marc:subfield code="a">New York (N.Y.) :</marc:subfield><marc:subfield code="b">Blom,</marc:subfield><marc:subfield code="c">1968.</marc:subfield></marc:datafield><marc:datafield tag="300" ind1=" " ind2=" "><marc:subfield code="a">Xvi, 537 p. :</marc:subfield><marc:subfield code="b">illus., facsims., ports. ;</marc:subfield><marc:subfield code="c">20 cm.</marc:subfield></marc:datafield><marc:datafield tag="500" ind1=" " ind2=" "><marc:subfield code="a">Anastatische herdruk: New York: Lane, 1896.</marc:subfield></marc:datafield><marc:datafield tag="541" ind1=" " ind2=" "><marc:subfield code="3">BIB.S.059192</marc:subfield><marc:subfield code="c">Schenking</marc:subfield><marc:subfield code="a">De Schepper, Marcus</marc:subfield><marc:subfield code="d">11/12/2024</marc:subfield></marc:datafield><marc:datafield tag="650" ind1=" " ind2="0"><marc:subfield code="a">Dueling</marc:subfield><marc:subfield code="x">Bibliography.</marc:subfield></marc:datafield><marc:datafield tag="650" ind1=" " ind2="0"><marc:subfield code="a">Fencing</marc:subfield><marc:subfield code="x">Bibliography.</marc:subfield></marc:datafield><marc:datafield tag="740" ind1="0" ind2=" "><marc:subfield code="a">Bibliography of fencing &amp; duelling.</marc:subfield></marc:datafield><marc:datafield tag="920" ind1=" " ind2=" "><marc:subfield code="a">book</marc:subfield></marc:datafield><marc:datafield tag="SID" ind1=" " ind2=" "><marc:subfield code="a">Z39</marc:subfield><marc:subfield code="b">LOC</marc:subfield></marc:datafield></marc:record>