<marc:record><marc:leader>01323ntm a2200253 a 4500</marc:leader><marc:controlfield tag="005">20250918120636.0</marc:controlfield><marc:controlfield tag="008">250806q13761400ne |||||||||||||| ||dum|d</marc:controlfield><marc:controlfield tag="001">990036756200409161</marc:controlfield><marc:datafield tag="035" ind1=" " ind2=" "><marc:subfield code="a">(RUG01)003675620</marc:subfield></marc:datafield><marc:datafield tag="040" ind1=" " ind2=" "><marc:subfield code="a">BE-GnUNI</marc:subfield></marc:datafield><marc:datafield tag="100" ind1="1" ind2=" "><marc:subfield code="a">Van Maerlant, Jacob,</marc:subfield><marc:subfield code="d">1235?-1300</marc:subfield><marc:subfield code="0">(viaf)56624842</marc:subfield></marc:datafield><marc:datafield tag="245" ind1="1" ind2="0"><marc:subfield code="a">Rijmbijbel [Fragment].</marc:subfield></marc:datafield><marc:datafield tag="260" ind1=" " ind2=" "><marc:subfield code="a">Nederlanden,</marc:subfield><marc:subfield code="c">eind 14e eeuw.</marc:subfield></marc:datafield><marc:datafield tag="300" ind1=" " ind2=" "><marc:subfield code="a">4 f.</marc:subfield></marc:datafield><marc:datafield tag="340" ind1=" " ind2=" "><marc:subfield code="a">Perkament</marc:subfield></marc:datafield><marc:datafield tag="500" ind1=" " ind2=" "><marc:subfield code="a">Band bevat handgeschreven aantekeningen in potlood door Napoleon de Pauw. [in documap]</marc:subfield></marc:datafield><marc:datafield tag="500" ind1=" " ind2=" "><marc:subfield code="a">Fragmenten werden in 1887 in Antwerpen ontdekt door Pieter Génard, de toenmalige stadsarchivalist van Antwerpen. Fragmenten werden op 19 oktober 1892 door Pieter Génard aan de Koninklijke Academie voor Nederlandse Taal en Letteren geschonken.</marc:subfield></marc:datafield><marc:datafield tag="500" ind1=" " ind2=" "><marc:subfield code="a">Nota op oorspronkelijke map: Dit fragment berustte in de nalatenschap van Napoléon De Pauw in de Centrale Bibliotheek van de Rijksuniversiteit te Gent. Terug op vrijdag 27 maart 1970.</marc:subfield></marc:datafield><marc:datafield tag="561" ind1=" " ind2=" "><marc:subfield code="3">BHSL.HS.4968</marc:subfield><marc:subfield code="a">Herkomst: Koninklijke Academie voor Nederlandse Taal- en Letterkunde 20/03/2024.</marc:subfield></marc:datafield><marc:datafield tag="581" ind1=" " ind2=" "><marc:subfield code="a">De Pauw, N. [Tekstuitgave] in: Middelnederlandsche gedichten en fragmenten ; 2(1903), p. 117-152.</marc:subfield></marc:datafield><marc:datafield tag="591" ind1=" " ind2=" "><marc:subfield code="a">Bijzondere collecties</marc:subfield></marc:datafield><marc:datafield tag="591" ind1=" " ind2=" "><marc:subfield code="a">Medieval manuscripts</marc:subfield></marc:datafield><marc:datafield tag="655" ind1=" " ind2="7"><marc:subfield code="a">Manuscripts.</marc:subfield><marc:subfield code="2">UGENTSC</marc:subfield></marc:datafield><marc:datafield tag="920" ind1=" " ind2=" "><marc:subfield code="a">manuscript</marc:subfield></marc:datafield></marc:record>