<marc:record><marc:leader>01390ntm a2200265 a 4500</marc:leader><marc:controlfield tag="005">20250918120637.0</marc:controlfield><marc:controlfield tag="008">250806q14511475be |||||#|||||||| ||dum|d</marc:controlfield><marc:controlfield tag="001">990036756160409161</marc:controlfield><marc:datafield tag="035" ind1=" " ind2=" "><marc:subfield code="a">(RUG01)003675616</marc:subfield></marc:datafield><marc:datafield tag="040" ind1=" " ind2=" "><marc:subfield code="a">BE-GnUNI</marc:subfield></marc:datafield><marc:datafield tag="100" ind1="1" ind2=" "><marc:subfield code="a">Van Maerlant, Jacob,</marc:subfield><marc:subfield code="d">1235?-1300</marc:subfield><marc:subfield code="0">(viaf)56624842</marc:subfield></marc:datafield><marc:datafield tag="245" ind1="1" ind2="0"><marc:subfield code="a">Alexanders geesten [Fragment].</marc:subfield></marc:datafield><marc:datafield tag="260" ind1=" " ind2=" "><marc:subfield code="a">Vlaanderen,</marc:subfield><marc:subfield code="c">3e kwart 15e eeuw.</marc:subfield></marc:datafield><marc:datafield tag="300" ind1=" " ind2=" "><marc:subfield code="a">9 f.</marc:subfield></marc:datafield><marc:datafield tag="340" ind1=" " ind2=" "><marc:subfield code="a">Papier</marc:subfield></marc:datafield><marc:datafield tag="500" ind1=" " ind2=" "><marc:subfield code="a">Fragmenten werden in 1898 door boekverkoper Camille Vyt verkocht aan Léonard Willems, naast fragmenten van de Roman van Heinric ende Margriete van Limborch (BHSL.HS.4966). De fragmenten zijn na Willems&apos; dood in 1938 samen met de rest van Willems&apos; collectie overgebracht naar de collectie van de Koninklijke Academie voor Nederlandse Taal en Letteren.</marc:subfield></marc:datafield><marc:datafield tag="505" ind1="0" ind2=" "><marc:subfield code="a">Fragment 1: Die hystorie vanden grooten Coninck Alexander.</marc:subfield></marc:datafield><marc:datafield tag="505" ind1="0" ind2=" "><marc:subfield code="a">Fragment 2: Jacob van Maerlant, Alexanders geesten.</marc:subfield></marc:datafield><marc:datafield tag="561" ind1=" " ind2=" "><marc:subfield code="3">BHSL.HS.4967</marc:subfield><marc:subfield code="a">Herkomst: Koninklijke Academie voor Nederlandse Taal- en Letterkunde 20/03/2024.</marc:subfield></marc:datafield><marc:datafield tag="581" ind1=" " ind2=" "><marc:subfield code="a">Kienhorst, H., De handschriften van de Middelnederlandse ridderepiek, deel 1, Deventer, 1988, p. 11-13.</marc:subfield></marc:datafield><marc:datafield tag="581" ind1=" " ind2=" "><marc:subfield code="a">Van Elslander, A., Een onuitgegeven fragment van &quot;Alexanders Geesten&quot;, Gent, 1953, p. 124.</marc:subfield></marc:datafield><marc:datafield tag="591" ind1=" " ind2=" "><marc:subfield code="a">Bijzondere collecties</marc:subfield></marc:datafield><marc:datafield tag="591" ind1=" " ind2=" "><marc:subfield code="a">Medieval manuscripts</marc:subfield></marc:datafield><marc:datafield tag="655" ind1=" " ind2="7"><marc:subfield code="a">Manuscripts.</marc:subfield><marc:subfield code="2">UGENTSC</marc:subfield></marc:datafield><marc:datafield tag="920" ind1=" " ind2=" "><marc:subfield code="a">manuscript</marc:subfield></marc:datafield></marc:record>