<marc:record><marc:leader>01083nam a2200217 a 4500</marc:leader><marc:controlfield tag="005">20250918115205.0</marc:controlfield><marc:controlfield tag="008">250806s1984    ne ||| ||    |||| ||dut|d</marc:controlfield><marc:controlfield tag="001">990036756130409161</marc:controlfield><marc:datafield tag="035" ind1=" " ind2=" "><marc:subfield code="a">(RUG01)003675613</marc:subfield></marc:datafield><marc:datafield tag="040" ind1=" " ind2=" "><marc:subfield code="a">BE-GnUNI</marc:subfield></marc:datafield><marc:datafield tag="245" ind1="0" ind2="0"><marc:subfield code="k">[catalog]</marc:subfield><marc:subfield code="a">Boeken uit de librije van Edam :</marc:subfield><marc:subfield code="b">tentoonstelling in de Grote Kerk van Edam, 30 juni tot en met 29 juli 1984.</marc:subfield></marc:datafield><marc:datafield tag="260" ind1=" " ind2=" "><marc:subfield code="a">&apos;s-Gravenhage :</marc:subfield><marc:subfield code="b">Koninklijke bibliotheek,</marc:subfield><marc:subfield code="c">1984.</marc:subfield></marc:datafield><marc:datafield tag="300" ind1=" " ind2=" "><marc:subfield code="a">36, 28 p.: ill.</marc:subfield></marc:datafield><marc:datafield tag="500" ind1=" " ind2=" "><marc:subfield code="a">Bevat facsimile: Catalogus der boeken uit de voormalige Latijnsche school in de Groote Kerk der Nederduitsche hervormde gemeente te Edam, thans in bruikleen op de Koninklijke bibliotheek te &apos;s-Gravenhage / bewerkt door Mej. R. Pennink. &apos;s Gravenhage, 1935.</marc:subfield></marc:datafield><marc:datafield tag="518" ind1=" " ind2=" "><marc:subfield code="o">Tentoonstelling</marc:subfield><marc:subfield code="d">30/06/1984-29/07/1984</marc:subfield><marc:subfield code="p">Edam. Grote Kerk</marc:subfield></marc:datafield><marc:datafield tag="541" ind1=" " ind2=" "><marc:subfield code="3">BIB.S.059187</marc:subfield><marc:subfield code="c">Schenking</marc:subfield><marc:subfield code="a">De Schepper, Marcus</marc:subfield><marc:subfield code="d">11/12/2024</marc:subfield></marc:datafield><marc:datafield tag="655" ind1=" " ind2="7"><marc:subfield code="a">Catalogs.</marc:subfield><marc:subfield code="2">UGENTSC</marc:subfield></marc:datafield><marc:datafield tag="655" ind1=" " ind2="7"><marc:subfield code="a">Exhibition catalogs.</marc:subfield><marc:subfield code="2">UGENTSC</marc:subfield></marc:datafield><marc:datafield tag="700" ind1="1" ind2=" "><marc:subfield code="a">Pennink, Renetta,</marc:subfield><marc:subfield code="d">1884-1985</marc:subfield><marc:subfield code="0">(viaf)2835823</marc:subfield></marc:datafield><marc:datafield tag="710" ind1="2" ind2=" "><marc:subfield code="a">College van Kerkvoogden der Hervormde Gemeente Edam</marc:subfield></marc:datafield><marc:datafield tag="920" ind1=" " ind2=" "><marc:subfield code="a">catalog</marc:subfield></marc:datafield></marc:record>