<marc:record><marc:leader>01646nam a2200325 a 4500</marc:leader><marc:controlfield tag="005">20250918232113.0</marc:controlfield><marc:controlfield tag="008">250806s1985    ne |||||r|||||||| ||dut|d</marc:controlfield><marc:controlfield tag="001">990036756120409161</marc:controlfield><marc:datafield tag="035" ind1=" " ind2=" "><marc:subfield code="a">(RUG01)003675612</marc:subfield></marc:datafield><marc:datafield tag="040" ind1=" " ind2=" "><marc:subfield code="a">BE-GnUNI</marc:subfield></marc:datafield><marc:datafield tag="245" ind1="0" ind2="0"><marc:subfield code="a">David en Felix Lopez de Haro (1627-1694), boekverkopers op het Rapenburg over de Academie :</marc:subfield><marc:subfield code="b">vijf bijdragen /</marc:subfield><marc:subfield code="c">Theo Bögels en Paul Hoftijzer (inl.).</marc:subfield></marc:datafield><marc:datafield tag="260" ind1=" " ind2=" "><marc:subfield code="a">Leiden :</marc:subfield><marc:subfield code="b">Bibliotheek der Rijksuniversiteit te Leiden,</marc:subfield><marc:subfield code="c">1985.</marc:subfield></marc:datafield><marc:datafield tag="300" ind1=" " ind2=" "><marc:subfield code="a">Ix, 65 p.: ill.</marc:subfield></marc:datafield><marc:datafield tag="505" ind1="0" ind2=" "><marc:subfield code="a">1. Genealogie en biografie van een Leidse boekverkopersfamilie / Gertrud van Loon.</marc:subfield></marc:datafield><marc:datafield tag="505" ind1="0" ind2=" "><marc:subfield code="a">2. De boekhandel van David en Felix Lopez de Haro / Mathilde Molthof, Marc Mooij, Elsje Moulijn en Carla van der Poel.</marc:subfield></marc:datafield><marc:datafield tag="505" ind1="0" ind2=" "><marc:subfield code="a">3. Het geïllustreerde boek in het fonds van David en Felix Lopez de Haro / Pia Amade.</marc:subfield></marc:datafield><marc:datafield tag="505" ind1="0" ind2=" "><marc:subfield code="a">4. Het fonds / Sjoukje Binsma.</marc:subfield></marc:datafield><marc:datafield tag="505" ind1="0" ind2=" "><marc:subfield code="a">5. Veilingen bij David en Felix Lopez de Haro.</marc:subfield></marc:datafield><marc:datafield tag="541" ind1=" " ind2=" "><marc:subfield code="3">BIB.S.059186</marc:subfield><marc:subfield code="c">Schenking</marc:subfield><marc:subfield code="a">De Schepper, Marcus</marc:subfield><marc:subfield code="d">11/12/2024</marc:subfield></marc:datafield><marc:datafield tag="700" ind1="1" ind2=" "><marc:subfield code="a">Bögels, Theo</marc:subfield><marc:subfield code="q">(Theodorus Simon Johannes Gerardus),</marc:subfield><marc:subfield code="d">1946-</marc:subfield><marc:subfield code="0">(viaf)56630971</marc:subfield><marc:subfield code="4">win</marc:subfield></marc:datafield><marc:datafield tag="700" ind1="1" ind2=" "><marc:subfield code="a">Hoftijzer, P. G.</marc:subfield><marc:subfield code="q">(Paul Gerardus),</marc:subfield><marc:subfield code="d">1954-</marc:subfield><marc:subfield code="0">(viaf)264871809</marc:subfield><marc:subfield code="4">win</marc:subfield></marc:datafield><marc:datafield tag="700" ind1="1" ind2=" "><marc:subfield code="a">Van Loon, Gertrud J. M.,</marc:subfield><marc:subfield code="d">1961-</marc:subfield><marc:subfield code="0">(viaf)89644082</marc:subfield><marc:subfield code="4">ctb</marc:subfield></marc:datafield><marc:datafield tag="700" ind1="1" ind2=" "><marc:subfield code="a">Molthof, Mathilde,</marc:subfield><marc:subfield code="d">....-</marc:subfield><marc:subfield code="0">(viaf)0</marc:subfield><marc:subfield code="4">ctb</marc:subfield></marc:datafield><marc:datafield tag="700" ind1="1" ind2=" "><marc:subfield code="a">Mooij, Marc,</marc:subfield><marc:subfield code="d">....-</marc:subfield><marc:subfield code="0">(viaf)0</marc:subfield><marc:subfield code="4">ctb</marc:subfield></marc:datafield><marc:datafield tag="700" ind1="1" ind2=" "><marc:subfield code="a">Moulijn, Elsje,</marc:subfield><marc:subfield code="d">....-</marc:subfield><marc:subfield code="0">(viaf)0</marc:subfield><marc:subfield code="4">ctb</marc:subfield></marc:datafield><marc:datafield tag="700" ind1="1" ind2=" "><marc:subfield code="a">Van der Poel, Carla,</marc:subfield><marc:subfield code="d">....-</marc:subfield><marc:subfield code="0">(viaf)291191351</marc:subfield><marc:subfield code="4">ctb</marc:subfield></marc:datafield><marc:datafield tag="700" ind1="1" ind2=" "><marc:subfield code="a">Amade, Pia,</marc:subfield><marc:subfield code="d">....-</marc:subfield><marc:subfield code="0">(viaf)70552380</marc:subfield><marc:subfield code="4">ctb</marc:subfield></marc:datafield><marc:datafield tag="700" ind1="1" ind2=" "><marc:subfield code="a">Binsma, Sjoukje,</marc:subfield><marc:subfield code="d">....-</marc:subfield><marc:subfield code="0">(viaf)215872415</marc:subfield><marc:subfield code="4">ctb</marc:subfield></marc:datafield><marc:datafield tag="710" ind1="2" ind2=" "><marc:subfield code="a">Sir Thomas Browne Institute</marc:subfield></marc:datafield><marc:datafield tag="920" ind1=" " ind2=" "><marc:subfield code="a">book</marc:subfield></marc:datafield></marc:record>