<marc:record><marc:leader>01173njm a2200265 a 4500</marc:leader><marc:controlfield tag="005">20250918114924.0</marc:controlfield><marc:controlfield tag="008">250804s1936    xx |||||#|||||||| | fre|d</marc:controlfield><marc:controlfield tag="001">990036756100409161</marc:controlfield><marc:datafield tag="028" ind1="1" ind2="0"><marc:subfield code="a">L 2084 / M3-17115</marc:subfield><marc:subfield code="b">Columbia</marc:subfield></marc:datafield><marc:datafield tag="028" ind1="1" ind2="0"><marc:subfield code="a">L 2098 / M3-84699</marc:subfield><marc:subfield code="b">Columbia</marc:subfield></marc:datafield><marc:datafield tag="028" ind1="2" ind2="0"><marc:subfield code="a">LF 18</marc:subfield><marc:subfield code="b">Columbia</marc:subfield></marc:datafield><marc:datafield tag="035" ind1=" " ind2=" "><marc:subfield code="a">(RUG01)003675610</marc:subfield></marc:datafield><marc:datafield tag="040" ind1=" " ind2=" "><marc:subfield code="a">BE-GnUNI</marc:subfield></marc:datafield><marc:datafield tag="100" ind1="1" ind2=" "><marc:subfield code="a">Lully, Jean-Baptiste,</marc:subfield><marc:subfield code="d">1632-1687</marc:subfield><marc:subfield code="0">(viaf)13099537</marc:subfield><marc:subfield code="4">cmp</marc:subfield></marc:datafield><marc:datafield tag="245" ind1="1" ind2="0"><marc:subfield code="a">Thésée: prologue. Castor et Pollux: acte I /</marc:subfield><marc:subfield code="c">Jane Laval (soprano); acc. d&apos;orchestre sous la dir. de Eugène Bigot.</marc:subfield></marc:datafield><marc:datafield tag="260" ind1=" " ind2=" "><marc:subfield code="a">S.l. :</marc:subfield><marc:subfield code="b">Columbia,</marc:subfield><marc:subfield code="c">n.d.</marc:subfield></marc:datafield><marc:datafield tag="300" ind1=" " ind2=" "><marc:subfield code="a">1 grammofoonplaat :</marc:subfield><marc:subfield code="b">78 rpm ;</marc:subfield><marc:subfield code="c">25 cm.</marc:subfield></marc:datafield><marc:datafield tag="490" ind1="0" ind2=" "><marc:subfield code="a">Magic notes</marc:subfield></marc:datafield><marc:datafield tag="505" ind1="0" ind2=" "><marc:subfield code="a">1. Thésée: prologue. Air de Vénus: &quot;Revenez, amours, revenez!&quot; / livret et musique de Lulli</marc:subfield></marc:datafield><marc:datafield tag="505" ind1="0" ind2=" "><marc:subfield code="a">2. Castor et Pollux: acte I. Air de Théflaïre: &quot;Tristes apprêts&quot; / mus. de J.-Ph. Rameau, livret de P.-J. Bernard</marc:subfield></marc:datafield><marc:datafield tag="700" ind1="1" ind2=" "><marc:subfield code="a">Rameau, Jean Philippe,</marc:subfield><marc:subfield code="d">1683-1764</marc:subfield><marc:subfield code="0">(viaf)39563041</marc:subfield><marc:subfield code="4">cmp</marc:subfield></marc:datafield><marc:datafield tag="700" ind1="1" ind2=" "><marc:subfield code="a">Bernard, Pierre-Joseph,</marc:subfield><marc:subfield code="d">1708?-1755</marc:subfield><marc:subfield code="0">(viaf)34471504</marc:subfield></marc:datafield><marc:datafield tag="700" ind1="1" ind2=" "><marc:subfield code="a">Bigot, Eugène,</marc:subfield><marc:subfield code="d">1888-1965</marc:subfield><marc:subfield code="0">(viaf)27251148</marc:subfield><marc:subfield code="4">cnd</marc:subfield></marc:datafield><marc:datafield tag="700" ind1="1" ind2=" "><marc:subfield code="a">Laval, jane,</marc:subfield><marc:subfield code="d">1894-1986</marc:subfield><marc:subfield code="0">(viaf)16862521</marc:subfield><marc:subfield code="4">sng</marc:subfield></marc:datafield><marc:datafield tag="920" ind1=" " ind2=" "><marc:subfield code="a">audio</marc:subfield></marc:datafield></marc:record>