<marc:record><marc:leader>00940nam a2200241 u 4500</marc:leader><marc:controlfield tag="005">20250918232110.0</marc:controlfield><marc:controlfield tag="008">060928s2004    ne     |r|   |000 ||lat|c</marc:controlfield><marc:controlfield tag="001">990036756060409161</marc:controlfield><marc:datafield tag="020" ind1=" " ind2=" "><marc:subfield code="a">9075540264</marc:subfield></marc:datafield><marc:datafield tag="035" ind1=" " ind2=" "><marc:subfield code="a">(RUG01)003675606</marc:subfield></marc:datafield><marc:datafield tag="035" ind1=" " ind2=" "><marc:subfield code="a">(BeLVLBS)002810657LBS01-Aleph</marc:subfield></marc:datafield><marc:datafield tag="040" ind1=" " ind2=" "><marc:subfield code="a">BeLVLBS</marc:subfield><marc:subfield code="b">Language of cataloging varies</marc:subfield><marc:subfield code="e">rda based</marc:subfield></marc:datafield><marc:datafield tag="245" ind1="0" ind2="0"><marc:subfield code="a">Et scholae, et vitae :</marc:subfield><marc:subfield code="b">acta selecta van twee colloquia van Orbis Neolatinus (Leuven, 1998 - 2002) /</marc:subfield><marc:subfield code="c">uitgegeven door Dirk Sacré en Marcus de Schepper.</marc:subfield></marc:datafield><marc:datafield tag="260" ind1=" " ind2=" "><marc:subfield code="a">Amersfoort :</marc:subfield><marc:subfield code="b">Florivallis,</marc:subfield><marc:subfield code="c">2004.</marc:subfield></marc:datafield><marc:datafield tag="300" ind1=" " ind2=" "><marc:subfield code="a">212 p. :</marc:subfield><marc:subfield code="b">ill.</marc:subfield></marc:datafield><marc:datafield tag="518" ind1=" " ind2=" "><marc:subfield code="o">Congres</marc:subfield><marc:subfield code="d">14/02/1998</marc:subfield><marc:subfield code="p">Leuven</marc:subfield></marc:datafield><marc:datafield tag="518" ind1=" " ind2=" "><marc:subfield code="o">Congres</marc:subfield><marc:subfield code="d">14/09/2002</marc:subfield><marc:subfield code="p">Leuven</marc:subfield></marc:datafield><marc:datafield tag="541" ind1=" " ind2=" "><marc:subfield code="3">BIB.S.059184</marc:subfield><marc:subfield code="c">Schenking</marc:subfield><marc:subfield code="a">De Schepper, Marcus</marc:subfield><marc:subfield code="d">11/12/2024</marc:subfield></marc:datafield><marc:datafield tag="700" ind1="1" ind2=" "><marc:subfield code="a">Sacré, Dirk,</marc:subfield><marc:subfield code="d">1957-</marc:subfield><marc:subfield code="0">(viaf)27095226</marc:subfield><marc:subfield code="4">edt</marc:subfield></marc:datafield><marc:datafield tag="700" ind1="1" ind2=" "><marc:subfield code="a">De Schepper, Marcus,</marc:subfield><marc:subfield code="d">1951-</marc:subfield><marc:subfield code="0">(viaf)18428927</marc:subfield><marc:subfield code="4">edt</marc:subfield></marc:datafield><marc:datafield tag="710" ind1="2" ind2=" "><marc:subfield code="a">Orbis Neolatinus</marc:subfield></marc:datafield><marc:datafield tag="920" ind1=" " ind2=" "><marc:subfield code="a">book</marc:subfield></marc:datafield><marc:datafield tag="SID" ind1=" " ind2=" "><marc:subfield code="a">Z39</marc:subfield><marc:subfield code="b">32KUL_LIBIS_NETWORK</marc:subfield></marc:datafield></marc:record>