<marc:record><marc:leader>01395nam a2200325u  4500</marc:leader><marc:controlfield tag="005">20250918115206.0</marc:controlfield><marc:controlfield tag="008">921222s1977    be |||||r|   |001 ||fre|c</marc:controlfield><marc:controlfield tag="001">990036756050409161</marc:controlfield><marc:datafield tag="035" ind1=" " ind2=" "><marc:subfield code="a">(RUG01)003675605</marc:subfield></marc:datafield><marc:datafield tag="035" ind1=" " ind2=" "><marc:subfield code="a">(BeLVLBS)001391865LBS01-Aleph</marc:subfield></marc:datafield><marc:datafield tag="035" ind1=" " ind2=" "><marc:subfield code="a">(origID)4588214</marc:subfield></marc:datafield><marc:datafield tag="040" ind1=" " ind2=" "><marc:subfield code="a">BeLVLBS</marc:subfield><marc:subfield code="b">Language of cataloging varies</marc:subfield><marc:subfield code="e">rda based</marc:subfield></marc:datafield><marc:datafield tag="245" ind1="0" ind2="0"><marc:subfield code="k">[catalog]</marc:subfield><marc:subfield code="a">Charles le Téméraire 1433 - 1477.</marc:subfield></marc:datafield><marc:datafield tag="260" ind1=" " ind2=" "><marc:subfield code="a">Bruxelles :</marc:subfield><marc:subfield code="b">Bibliothèque royale Albert Ier,</marc:subfield><marc:subfield code="c">1977.</marc:subfield></marc:datafield><marc:datafield tag="300" ind1=" " ind2=" "><marc:subfield code="a">VIII, 215 p. :</marc:subfield><marc:subfield code="b">ill.</marc:subfield></marc:datafield><marc:datafield tag="490" ind1="0" ind2=" "><marc:subfield code="a">Catalogues des expositions organisées à la Bibliothèque royale Albert Ier à Bruxelles ;</marc:subfield><marc:subfield code="v">C156</marc:subfield></marc:datafield><marc:datafield tag="518" ind1=" " ind2=" "><marc:subfield code="o">Tentoonstelling</marc:subfield><marc:subfield code="d">03/12/1977-28/01/1978</marc:subfield><marc:subfield code="p">Bruxelles. Bibliothèque royale Albert Ier</marc:subfield></marc:datafield><marc:datafield tag="541" ind1=" " ind2=" "><marc:subfield code="3">BIB.S.059183</marc:subfield><marc:subfield code="c">Schenking</marc:subfield><marc:subfield code="a">De Schepper, Marcus</marc:subfield><marc:subfield code="d">11/12/2024</marc:subfield></marc:datafield><marc:datafield tag="585" ind1=" " ind2=" "><marc:subfield code="a">Exposition organisée à l&apos;occasion du cinquième centenaire de sa mort</marc:subfield></marc:datafield><marc:datafield tag="655" ind1=" " ind2="7"><marc:subfield code="a">Catalogs.</marc:subfield><marc:subfield code="2">UGENTSC</marc:subfield></marc:datafield><marc:datafield tag="655" ind1=" " ind2="7"><marc:subfield code="a">Exhibition catalogs.</marc:subfield><marc:subfield code="2">UGENTSC</marc:subfield></marc:datafield><marc:datafield tag="700" ind1="1" ind2=" "><marc:subfield code="a">Cockshaw, Pierre,</marc:subfield><marc:subfield code="d">1938-2008</marc:subfield><marc:subfield code="0">(viaf)267750177</marc:subfield></marc:datafield><marc:datafield tag="700" ind1="1" ind2=" "><marc:subfield code="a">Lemaire, Claudine,</marc:subfield><marc:subfield code="d">....-</marc:subfield><marc:subfield code="0">(viaf)12320735</marc:subfield></marc:datafield><marc:datafield tag="700" ind1="1" ind2=" "><marc:subfield code="a">Rouzet, Anne,</marc:subfield><marc:subfield code="d">....-</marc:subfield><marc:subfield code="0">(viaf)0</marc:subfield></marc:datafield><marc:datafield tag="700" ind1="1" ind2=" "><marc:subfield code="a">Comblen, M.,</marc:subfield><marc:subfield code="d">....-</marc:subfield><marc:subfield code="0">(viaf)</marc:subfield></marc:datafield><marc:datafield tag="700" ind1="1" ind2=" "><marc:subfield code="a">De Schepper, Marcus,</marc:subfield><marc:subfield code="d">1951-</marc:subfield><marc:subfield code="0">(viaf)18428927</marc:subfield></marc:datafield><marc:datafield tag="700" ind1="1" ind2=" "><marc:subfield code="a">Tournoy, Gilbert,</marc:subfield><marc:subfield code="d">1944-</marc:subfield><marc:subfield code="0">(viaf)41859539</marc:subfield></marc:datafield><marc:datafield tag="700" ind1="1" ind2=" "><marc:subfield code="a">Van Keymeulen, André,</marc:subfield><marc:subfield code="d">1945-</marc:subfield><marc:subfield code="0">(viaf)279007016</marc:subfield></marc:datafield><marc:datafield tag="920" ind1=" " ind2=" "><marc:subfield code="a">catalog</marc:subfield></marc:datafield><marc:datafield tag="SID" ind1=" " ind2=" "><marc:subfield code="a">Z39</marc:subfield><marc:subfield code="b">32KUL_LIBIS_NETWORK</marc:subfield></marc:datafield></marc:record>