<marc:record><marc:leader>01738ntm a2200253 a 4500</marc:leader><marc:controlfield tag="005">20250918120636.0</marc:controlfield><marc:controlfield tag="008">250806q13261350ne |||||#|||||||| ||dum|d</marc:controlfield><marc:controlfield tag="001">990036756040409161</marc:controlfield><marc:datafield tag="035" ind1=" " ind2=" "><marc:subfield code="a">(RUG01)003675604</marc:subfield></marc:datafield><marc:datafield tag="040" ind1=" " ind2=" "><marc:subfield code="a">BE-GnUNI</marc:subfield></marc:datafield><marc:datafield tag="245" ind1="0" ind2="0"><marc:subfield code="a">Roman van Heinric ende Margriete van Limborch [Fragment].</marc:subfield></marc:datafield><marc:datafield tag="260" ind1=" " ind2=" "><marc:subfield code="a">Brabant, Nederlanden,</marc:subfield><marc:subfield code="c">2e kwart 14e eeuw.</marc:subfield></marc:datafield><marc:datafield tag="300" ind1=" " ind2=" "><marc:subfield code="a">2 f.</marc:subfield></marc:datafield><marc:datafield tag="340" ind1=" " ind2=" "><marc:subfield code="a">Perkament</marc:subfield></marc:datafield><marc:datafield tag="500" ind1=" " ind2=" "><marc:subfield code="a">De fragmenten werden rond 1840 ontdekt door Ludwig Tross (1795-1864) in Hamm (Westfalen) en aan Constant Serrure geschonken. De fragmenten werden in 1872 door Serrure verkocht aan boekverkoper Camille Vyt, die ze op zijn beurt in 1898 doorverkocht aan Léonard Willems, samen met fragmenten van Alexanders geesten van Jacob van Maerlant (BHSL.HS.4967). Na Willems&apos; overlijden in 1938 werden de fragmenten overgedragen aan de collectie van de Koninklijke Academie voor Nederlandse Taal en Letteren.</marc:subfield></marc:datafield><marc:datafield tag="561" ind1=" " ind2=" "><marc:subfield code="3">BHSL.HS.4966</marc:subfield><marc:subfield code="a">Herkomst: Koninklijke Academie voor Nederlandse Taal- en Letterkunde 20/03/2024.</marc:subfield></marc:datafield><marc:datafield tag="581" ind1=" " ind2=" "><marc:subfield code="a">De Wachter, L., Fragmenten van de Roman van Heinric en Margriete van Limborch, Leuven, 2001.</marc:subfield></marc:datafield><marc:datafield tag="581" ind1=" " ind2=" "><marc:subfield code="a">Kienhorst, H., De handschriften van de Middelnederlandse ridderepiek, deel 1, Deventer, 1988, p. 106-108.</marc:subfield></marc:datafield><marc:datafield tag="581" ind1=" " ind2=" "><marc:subfield code="a">Klein, J. W., &apos;Het getal zijner jaren is onnaspeurlijk&apos;. Een herijking van de dateringen van de handschriften en fragmenten met Middelnederlandse ridderepiek, Tijdschrift voor Nederlandse Taal- en Letterkunde. Jaargang 111 (1995), 15.</marc:subfield></marc:datafield><marc:datafield tag="581" ind1=" " ind2=" "><marc:subfield code="a">Van Aken, H. &amp; Van den Bergh, L. P. C., Roman van Heinric en Margriete van Limborch, Leiden, 1846.</marc:subfield></marc:datafield><marc:datafield tag="591" ind1=" " ind2=" "><marc:subfield code="a">Bijzondere collecties</marc:subfield></marc:datafield><marc:datafield tag="591" ind1=" " ind2=" "><marc:subfield code="a">Medieval manuscripts</marc:subfield></marc:datafield><marc:datafield tag="655" ind1=" " ind2="7"><marc:subfield code="a">Manuscripts.</marc:subfield><marc:subfield code="2">UGENTSC</marc:subfield></marc:datafield><marc:datafield tag="920" ind1=" " ind2=" "><marc:subfield code="a">manuscript</marc:subfield></marc:datafield></marc:record>