<marc:record><marc:leader>00912njm a2200229 a 4500</marc:leader><marc:controlfield tag="005">20250918114925.0</marc:controlfield><marc:controlfield tag="008">250804s1936    xx |||||#|||||||| | fre|d</marc:controlfield><marc:controlfield tag="001">990036756030409161</marc:controlfield><marc:datafield tag="028" ind1="1" ind2="0"><marc:subfield code="a">PART 775 / M3-84698</marc:subfield><marc:subfield code="b">BAM</marc:subfield></marc:datafield><marc:datafield tag="028" ind1="1" ind2="0"><marc:subfield code="a">PART 776 / M3-84699</marc:subfield><marc:subfield code="b">BAM</marc:subfield></marc:datafield><marc:datafield tag="028" ind1="2" ind2="0"><marc:subfield code="a">6</marc:subfield><marc:subfield code="b">BAM</marc:subfield></marc:datafield><marc:datafield tag="035" ind1=" " ind2=" "><marc:subfield code="a">(RUG01)003675603</marc:subfield></marc:datafield><marc:datafield tag="040" ind1=" " ind2=" "><marc:subfield code="a">BE-GnUNI</marc:subfield></marc:datafield><marc:datafield tag="100" ind1="1" ind2=" "><marc:subfield code="a">Monteverdi, Claudio,</marc:subfield><marc:subfield code="d">1567-1643</marc:subfield><marc:subfield code="0">(viaf)44485902</marc:subfield><marc:subfield code="4">cmp</marc:subfield></marc:datafield><marc:datafield tag="245" ind1="1" ind2="0"><marc:subfield code="a">Lettera amorosa, I-II :</marc:subfield><marc:subfield code="b">madrigal /</marc:subfield><marc:subfield code="c">de Monteverdi; basse réalisée par Ruggéro Gerlin (clavecin); interprèté par les artistes de la musique intime; vocce solo: Yvon Le Marc&apos;hadour.</marc:subfield></marc:datafield><marc:datafield tag="246" ind1="2" ind2=" "><marc:subfield code="a">La lettre amoureuse</marc:subfield></marc:datafield><marc:datafield tag="260" ind1=" " ind2=" "><marc:subfield code="a">Paris :</marc:subfield><marc:subfield code="b">BAM,</marc:subfield><marc:subfield code="c">1936?</marc:subfield></marc:datafield><marc:datafield tag="300" ind1=" " ind2=" "><marc:subfield code="a">1 grammofoonplaat :</marc:subfield><marc:subfield code="b">78 rpm ;</marc:subfield><marc:subfield code="c">25 cm.</marc:subfield></marc:datafield><marc:datafield tag="500" ind1=" " ind2=" "><marc:subfield code="a">Enregistré à Paris le 26 avril 1936.</marc:subfield></marc:datafield><marc:datafield tag="700" ind1="1" ind2=" "><marc:subfield code="a">Le Marc&apos;hadour, Yvon,</marc:subfield><marc:subfield code="d">1898-1985</marc:subfield><marc:subfield code="0">(viaf)27269305</marc:subfield><marc:subfield code="4">sng</marc:subfield></marc:datafield><marc:datafield tag="700" ind1="1" ind2=" "><marc:subfield code="a">Gerlin, Ruggero,</marc:subfield><marc:subfield code="d">1899-1983</marc:subfield><marc:subfield code="0">(viaf)76500153</marc:subfield><marc:subfield code="4">itr</marc:subfield></marc:datafield><marc:datafield tag="920" ind1=" " ind2=" "><marc:subfield code="a">audio</marc:subfield></marc:datafield></marc:record>