<marc:record><marc:leader>01995ntm a2200253 a 4500</marc:leader><marc:controlfield tag="005">20250918120639.0</marc:controlfield><marc:controlfield tag="008">250805q13261350ne |||||#|||||||| ||dum|d</marc:controlfield><marc:controlfield tag="001">990036756010409161</marc:controlfield><marc:datafield tag="035" ind1=" " ind2=" "><marc:subfield code="a">(RUG01)003675601</marc:subfield></marc:datafield><marc:datafield tag="040" ind1=" " ind2=" "><marc:subfield code="a">BE-GnUNI</marc:subfield></marc:datafield><marc:datafield tag="100" ind1="1" ind2=" "><marc:subfield code="a">Van Maerlant, Jacob,</marc:subfield><marc:subfield code="d">1235?-1300</marc:subfield><marc:subfield code="0">(viaf)56624842</marc:subfield></marc:datafield><marc:datafield tag="245" ind1="1" ind2="0"><marc:subfield code="a">Historie van Troyen [Fragment].</marc:subfield></marc:datafield><marc:datafield tag="260" ind1=" " ind2=" "><marc:subfield code="a">Nederlanden,</marc:subfield><marc:subfield code="c">2e kwart 14e eeuw.</marc:subfield></marc:datafield><marc:datafield tag="300" ind1=" " ind2=" "><marc:subfield code="a">2 f.</marc:subfield></marc:datafield><marc:datafield tag="340" ind1=" " ind2=" "><marc:subfield code="a">Perkament</marc:subfield></marc:datafield><marc:datafield tag="500" ind1=" " ind2=" "><marc:subfield code="a">Het fragment werd ontdekt door Karel De Flou in het Rijksarchief te Brugge, die hierover te rade ging bij Léonard Willems. Mogelijk werd het fragment vervolgens tot aan zijn overlijden in 1938 door Willems bewaard. Na Willems&apos; overlijden in 1938 werd zijn archief in datzelfde jaar overgedragen aan de Koninklijke Academie voor Nederlandse Taal en Letteren te Gent. Dit fragment maakte mogelijk deel uit van deze collectie.</marc:subfield></marc:datafield><marc:datafield tag="500" ind1=" " ind2=" "><marc:subfield code="a">Op het fragment zijn diverse inscripties in verschillende vroegmoderne handschriften te zien. Zo is op fol. 42r te lezen: &apos;Liber Receptorum bonorum nostrorum circa partes Rollariensis ab anno 1503-1533&apos;. Dit verwijst naar het feit dat het fragment tussen 1503 en 1533 werd gebruikt als omslag voor een register van de goederen van de Sint-Michielskerk (Roeselare). Bij de restauratie van het register in de 18e eeuw werd het fragment uit het register gehaald en overgebracht naar het Rijksarchief in Brugge.</marc:subfield></marc:datafield><marc:datafield tag="561" ind1=" " ind2=" "><marc:subfield code="3">BHSL.HS.4965</marc:subfield><marc:subfield code="a">Herkomst: Koninklijke Academie voor Nederlandse Taal- en Letterkunde 20/03/2024.</marc:subfield></marc:datafield><marc:datafield tag="581" ind1=" " ind2=" "><marc:subfield code="a">Kienhorst, H., De handschriften van de Middelnederlandse ridderepiek, deel 1, Deventer, 1988, p. 207-208.</marc:subfield></marc:datafield><marc:datafield tag="581" ind1=" " ind2=" "><marc:subfield code="a">Klein, J. W., &apos;Het getal zijner jaren is onnaspeurlijk&apos;. Een herijking van de dateringen van de handschriften en fragmenten met Middelnederlandse ridderepiek, Tijdschrift voor Nederlandse Taal- en Letterkunde. Jaargang 111 (1995), 15.</marc:subfield></marc:datafield><marc:datafield tag="591" ind1=" " ind2=" "><marc:subfield code="a">Bijzondere collecties</marc:subfield></marc:datafield><marc:datafield tag="591" ind1=" " ind2=" "><marc:subfield code="a">Medieval manuscripts</marc:subfield></marc:datafield><marc:datafield tag="655" ind1=" " ind2="7"><marc:subfield code="a">Manuscripts.</marc:subfield><marc:subfield code="2">UGENTSC</marc:subfield></marc:datafield><marc:datafield tag="920" ind1=" " ind2=" "><marc:subfield code="a">manuscript</marc:subfield></marc:datafield></marc:record>