<marc:record><marc:leader>01432nam a2200253 a 4500</marc:leader><marc:controlfield tag="005">20250917111823.0</marc:controlfield><marc:controlfield tag="008">250806|2024||||be |||||rm||||||| ||eng|d</marc:controlfield><marc:controlfield tag="001">990036755990409161</marc:controlfield><marc:datafield tag="020" ind1=" " ind2=" "><marc:subfield code="a">9789465100302</marc:subfield></marc:datafield><marc:datafield tag="035" ind1=" " ind2=" "><marc:subfield code="a">(RUG01)003675599</marc:subfield></marc:datafield><marc:datafield tag="040" ind1=" " ind2=" "><marc:subfield code="a">BE-GnUNI</marc:subfield></marc:datafield><marc:datafield tag="041" ind1=" " ind2=" "><marc:subfield code="a">eng</marc:subfield></marc:datafield><marc:datafield tag="100" ind1="1" ind2=" "><marc:subfield code="a">Bashirgonbadi, Amir,</marc:subfield><marc:subfield code="d">....-</marc:subfield><marc:subfield code="0">(viaf)</marc:subfield></marc:datafield><marc:datafield tag="245" ind1="1" ind2="0"><marc:subfield code="a">Advancing polyolefin film recycling :</marc:subfield><marc:subfield code="b">unveiling insights from composition to processability and performance /</marc:subfield><marc:subfield code="c">Amir Bashirgonbadi.</marc:subfield></marc:datafield><marc:datafield tag="260" ind1=" " ind2=" "><marc:subfield code="a">Maastricht :</marc:subfield><marc:subfield code="b">Maastricht University,</marc:subfield><marc:subfield code="c">2024.</marc:subfield></marc:datafield><marc:datafield tag="300" ind1=" " ind2=" "><marc:subfield code="a">VIII, 240 p. : ill.</marc:subfield></marc:datafield><marc:datafield tag="502" ind1=" " ind2=" "><marc:subfield code="a">Dissertation to obtain the degree of Doctor at Maastricht University, on the authority of Rector Magnificus, Prof. Dr. Pamela Habibovic, and the degree of Doctor of Engineering (Doctor in de Ingenieurswetenschappen) at Ghent University, on the authority of Rector Prof. Dr. Rik Van de Walle, in accordance with the decision of the board of Deans of Maastricht University</marc:subfield></marc:datafield><marc:datafield tag="518" ind1=" " ind2=" "><marc:subfield code="o">Verdediging</marc:subfield><marc:subfield code="d">2024-07-04</marc:subfield><marc:subfield code="p">Gent</marc:subfield></marc:datafield><marc:datafield tag="700" ind1="1" ind2=" "><marc:subfield code="a">Ragaert, Kim,</marc:subfield><marc:subfield code="d">1981-</marc:subfield><marc:subfield code="0">(ugent)802000178474</marc:subfield><marc:subfield code="0">(viaf)33161209171239862002</marc:subfield><marc:subfield code="e">promotor</marc:subfield></marc:datafield><marc:datafield tag="700" ind1="1" ind2=" "><marc:subfield code="a">Van Geem, Kevin,</marc:subfield><marc:subfield code="d">1977-</marc:subfield><marc:subfield code="0">(ugent)801001595406</marc:subfield><marc:subfield code="0">(viaf)70156809561145121485</marc:subfield><marc:subfield code="e">copromotor</marc:subfield></marc:datafield><marc:datafield tag="700" ind1="1" ind2=" "><marc:subfield code="a">Delva, Laurens,</marc:subfield><marc:subfield code="d">1988-</marc:subfield><marc:subfield code="0">(ugent)802000948818</marc:subfield><marc:subfield code="0">(viaf)</marc:subfield><marc:subfield code="e">copromotor</marc:subfield></marc:datafield><marc:datafield tag="710" ind1="2" ind2=" "><marc:subfield code="a">Ghent University</marc:subfield><marc:subfield code="b">Faculty of Engineering and Architecture</marc:subfield><marc:subfield code="b">Department of Materials, Textiles and Chemical Engineering</marc:subfield></marc:datafield><marc:datafield tag="920" ind1=" " ind2=" "><marc:subfield code="a">phd</marc:subfield></marc:datafield><marc:datafield tag="922" ind1=" " ind2=" "><marc:subfield code="a">UGENT-EA</marc:subfield></marc:datafield></marc:record>