<marc:record><marc:leader>01011nam a2200241 a 4500</marc:leader><marc:controlfield tag="005">20250918232113.0</marc:controlfield><marc:controlfield tag="008">250806s2009    fr |||||r|||||||| ||fre|d</marc:controlfield><marc:controlfield tag="001">990036755890409161</marc:controlfield><marc:datafield tag="020" ind1=" " ind2=" "><marc:subfield code="a">9782227478435</marc:subfield></marc:datafield><marc:datafield tag="035" ind1=" " ind2=" "><marc:subfield code="a">(RUG01)003675589</marc:subfield></marc:datafield><marc:datafield tag="040" ind1=" " ind2=" "><marc:subfield code="a">BE-GnUNI</marc:subfield></marc:datafield><marc:datafield tag="041" ind1="1" ind2=" "><marc:subfield code="a">fre</marc:subfield><marc:subfield code="a">eng</marc:subfield></marc:datafield><marc:datafield tag="100" ind1="1" ind2=" "><marc:subfield code="a">Darwin, Charles Robert,</marc:subfield><marc:subfield code="d">1809-1882</marc:subfield><marc:subfield code="0">(viaf)27063124</marc:subfield><marc:subfield code="4">aut</marc:subfield></marc:datafield><marc:datafield tag="245" ind1="1" ind2="0"><marc:subfield code="a">Origines :</marc:subfield><marc:subfield code="b">lettres choisies 1828-1859 /</marc:subfield><marc:subfield code="c">Charles Darwin ; Traduit de l&apos;anglais par Mickael Popelard ; Préface de Stephen Jay Gould ; Édition française de Dominique Lecourt.</marc:subfield></marc:datafield><marc:datafield tag="260" ind1=" " ind2=" "><marc:subfield code="a">Montrouge :</marc:subfield><marc:subfield code="b">Bayard,</marc:subfield><marc:subfield code="c">2009.</marc:subfield></marc:datafield><marc:datafield tag="300" ind1=" " ind2=" "><marc:subfield code="a">347 p.</marc:subfield></marc:datafield><marc:datafield tag="541" ind1=" " ind2=" "><marc:subfield code="3">BIB.S.059178</marc:subfield><marc:subfield code="c">Schenking</marc:subfield><marc:subfield code="a">Patroons, Hendrik</marc:subfield><marc:subfield code="d">00/07/2025</marc:subfield></marc:datafield><marc:datafield tag="600" ind1="0" ind2="0"><marc:subfield code="a">Darwin, Charles,</marc:subfield><marc:subfield code="d">1809-1882</marc:subfield><marc:subfield code="v">Correspondence.</marc:subfield></marc:datafield><marc:datafield tag="700" ind1="1" ind2=" "><marc:subfield code="a">Gould, Stephen Jay,</marc:subfield><marc:subfield code="d">1941-2002</marc:subfield><marc:subfield code="0">(viaf)108205470</marc:subfield><marc:subfield code="4">wpr</marc:subfield></marc:datafield><marc:datafield tag="700" ind1="1" ind2=" "><marc:subfield code="a">Popelard, Mickaël,</marc:subfield><marc:subfield code="d">1977-</marc:subfield><marc:subfield code="0">(viaf)89831658</marc:subfield><marc:subfield code="4">trl</marc:subfield></marc:datafield><marc:datafield tag="700" ind1="1" ind2=" "><marc:subfield code="a">Lecourt, Dominique,</marc:subfield><marc:subfield code="d">1944-</marc:subfield><marc:subfield code="0">(viaf)27067424</marc:subfield><marc:subfield code="4">edt</marc:subfield></marc:datafield><marc:datafield tag="765" ind1="0" ind2="8"><marc:subfield code="a">Origins, Selected letters of Charles Darwin, 1822-1829</marc:subfield></marc:datafield><marc:datafield tag="920" ind1=" " ind2=" "><marc:subfield code="a">book</marc:subfield></marc:datafield></marc:record>