<marc:record><marc:leader>01020ntm a2200217 a 4500</marc:leader><marc:controlfield tag="005">20250918120639.0</marc:controlfield><marc:controlfield tag="008">250805q14511500ne |||||#|||||||| ||dum|d</marc:controlfield><marc:controlfield tag="001">990036755670409161</marc:controlfield><marc:datafield tag="035" ind1=" " ind2=" "><marc:subfield code="a">(RUG01)003675567</marc:subfield></marc:datafield><marc:datafield tag="040" ind1=" " ind2=" "><marc:subfield code="a">BE-GnUNI</marc:subfield></marc:datafield><marc:datafield tag="245" ind1="0" ind2="0"><marc:subfield code="a">Leven van S. Pachomius [Fragment].</marc:subfield></marc:datafield><marc:datafield tag="260" ind1=" " ind2=" "><marc:subfield code="a">Nederlanden,</marc:subfield><marc:subfield code="c">2e helft 15e eeuw.</marc:subfield></marc:datafield><marc:datafield tag="300" ind1=" " ind2=" "><marc:subfield code="a">1 f.</marc:subfield></marc:datafield><marc:datafield tag="340" ind1=" " ind2=" "><marc:subfield code="a">Perkament</marc:subfield></marc:datafield><marc:datafield tag="500" ind1=" " ind2=" "><marc:subfield code="3">BHSL.HS.4962</marc:subfield><marc:subfield code="a">Het fragment maakte mogelijk deel uit van hetzelfde handschrift als de Koninklijke Academie voor Nederlandse Taal en Letteren, BHSL.HS.4963 en BHSL.HS.4964, en beide werden rond dezelfde tijd als dit fragment bewaard en geschonken.</marc:subfield></marc:datafield><marc:datafield tag="500" ind1=" " ind2=" "><marc:subfield code="a">Pachomius en drie andere fragmenten werden in 1927 door Léonard Willems geschonken aan de Koninklijke Academie voor Nederlandse Taal en Letteren.</marc:subfield></marc:datafield><marc:datafield tag="561" ind1=" " ind2=" "><marc:subfield code="3">BHSL.HS.4962</marc:subfield><marc:subfield code="a">Herkomst: Koninklijke Academie voor Nederlandse Taal- en Letterkunde 20/03/2024.</marc:subfield></marc:datafield><marc:datafield tag="591" ind1=" " ind2=" "><marc:subfield code="a">Bijzondere collecties</marc:subfield></marc:datafield><marc:datafield tag="591" ind1=" " ind2=" "><marc:subfield code="a">Medieval manuscripts</marc:subfield></marc:datafield><marc:datafield tag="655" ind1=" " ind2="7"><marc:subfield code="a">Manuscripts.</marc:subfield><marc:subfield code="2">UGENTSC</marc:subfield></marc:datafield><marc:datafield tag="920" ind1=" " ind2=" "><marc:subfield code="a">manuscript</marc:subfield></marc:datafield></marc:record>