<marc:record><marc:leader>00931ngm a2200217 a 4500</marc:leader><marc:controlfield tag="005">20250918120631.0</marc:controlfield><marc:controlfield tag="008">250611s1998    xx ||| |     |#   ||   |d</marc:controlfield><marc:controlfield tag="001">990036755590409161</marc:controlfield><marc:datafield tag="024" ind1="7" ind2=" "><marc:subfield code="9">001</marc:subfield><marc:subfield code="a">(VIAA-PID-UB01)pn8x92z56h</marc:subfield><marc:subfield code="d">(VIAA)AVHS_UGE_000084</marc:subfield><marc:subfield code="z">3675589-10</marc:subfield><marc:subfield code="2">info</marc:subfield></marc:datafield><marc:datafield tag="035" ind1=" " ind2=" "><marc:subfield code="a">(RUG01)003675559</marc:subfield></marc:datafield><marc:datafield tag="040" ind1=" " ind2=" "><marc:subfield code="a">BE-GnUNI</marc:subfield></marc:datafield><marc:datafield tag="245" ind1="0" ind2="0"><marc:subfield code="a">&quot;Vis à Vis. Een samenwerkingsproject van UG - Visuele Antropologie en Sint-Lukas&quot;.</marc:subfield></marc:datafield><marc:datafield tag="260" ind1=" " ind2=" "><marc:subfield code="c">1998.</marc:subfield></marc:datafield><marc:datafield tag="300" ind1=" " ind2=" "><marc:subfield code="a">1 videocassette (VHS) (01:17:10).</marc:subfield></marc:datafield><marc:datafield tag="306" ind1=" " ind2=" "><marc:subfield code="a">011710</marc:subfield></marc:datafield><marc:datafield tag="346" ind1=" " ind2=" "><marc:subfield code="a">VHS</marc:subfield></marc:datafield><marc:datafield tag="500" ind1=" " ind2=" "><marc:subfield code="a">Oorspronkelijk dragernummer: 2012_143_120</marc:subfield></marc:datafield><marc:datafield tag="533" ind1=" " ind2=" "><marc:subfield code="a">MXF/JPEG2000</marc:subfield><marc:subfield code="b">Heerhugowaard</marc:subfield><marc:subfield code="c">Picturae</marc:subfield><marc:subfield code="d">02/08/2017</marc:subfield><marc:subfield code="e">Playback on JVC SR-S388E and encoded with Blackmagic Media Express</marc:subfield><marc:subfield code="n">Low RF, noisy picture, Low audio level - poor quality - out of phase</marc:subfield></marc:datafield><marc:datafield tag="536" ind1=" " ind2=" "><marc:subfield code="a">Digitalisering in partnership met meemoo/VIAA, Vlaams Instituut voor Audiovisuele Archivering</marc:subfield><marc:subfield code="h">VHSMJPGB08</marc:subfield></marc:datafield><marc:datafield tag="540" ind1=" " ind2=" "><marc:subfield code="a">INC</marc:subfield></marc:datafield><marc:datafield tag="920" ind1=" " ind2=" "><marc:subfield code="a">multimedia</marc:subfield></marc:datafield></marc:record>