<marc:record><marc:leader>01932cam a22003378i 4500</marc:leader><marc:controlfield tag="005">20250926141840.0</marc:controlfield><marc:controlfield tag="008">230327s2024    enk    |r    |001 ||eng||</marc:controlfield><marc:controlfield tag="001">990036755570409161</marc:controlfield><marc:datafield tag="SID" ind1=" " ind2=" "><marc:subfield code="a">Z39</marc:subfield><marc:subfield code="b">LOC</marc:subfield></marc:datafield><marc:datafield tag="010" ind1=" " ind2=" "><marc:subfield code="a">2023014408</marc:subfield></marc:datafield><marc:datafield tag="020" ind1=" " ind2=" "><marc:subfield code="a">9781009280525</marc:subfield><marc:subfield code="q">hbk</marc:subfield></marc:datafield><marc:datafield tag="035" ind1=" " ind2=" "><marc:subfield code="a">(RUG01)003675557</marc:subfield></marc:datafield><marc:datafield tag="035" ind1=" " ind2=" "><marc:subfield code="a">23035995</marc:subfield></marc:datafield><marc:datafield tag="040" ind1=" " ind2=" "><marc:subfield code="a">DLC</marc:subfield><marc:subfield code="b">eng</marc:subfield><marc:subfield code="c">DLC</marc:subfield><marc:subfield code="d">DLC</marc:subfield><marc:subfield code="e">rda</marc:subfield></marc:datafield><marc:datafield tag="042" ind1=" " ind2=" "><marc:subfield code="a">pcc</marc:subfield></marc:datafield><marc:datafield tag="043" ind1=" " ind2=" "><marc:subfield code="a">a-ir---</marc:subfield></marc:datafield><marc:datafield tag="050" ind1="0" ind2="0"><marc:subfield code="a">DS135.B2</marc:subfield><marc:subfield code="b">G75 2024</marc:subfield></marc:datafield><marc:datafield tag="082" ind1="0" ind2="0"><marc:subfield code="a">305.892/40355</marc:subfield><marc:subfield code="2">23/eng/20230403</marc:subfield></marc:datafield><marc:datafield tag="100" ind1="1" ind2=" "><marc:subfield code="a">Gross, Simcha,</marc:subfield><marc:subfield code="d">....-</marc:subfield><marc:subfield code="0">(viaf)93148207896100342158</marc:subfield></marc:datafield><marc:datafield tag="245" ind1="1" ind2="0"><marc:subfield code="a">Babylonian Jews and Sasanian imperialism in late antiquity /</marc:subfield><marc:subfield code="c">Simcha Gross</marc:subfield></marc:datafield><marc:datafield tag="260" ind1=" " ind2=" "><marc:subfield code="a">Cambridge :</marc:subfield><marc:subfield code="b">Cambridge university press,</marc:subfield><marc:subfield code="c">2024.</marc:subfield></marc:datafield><marc:datafield tag="300" ind1=" " ind2=" "><marc:subfield code="a">IX, 348 p.: ill.</marc:subfield></marc:datafield><marc:datafield tag="500" ind1=" " ind2=" "><marc:subfield code="a">Includes index.</marc:subfield></marc:datafield><marc:datafield tag="505" ind1="0" ind2=" "><marc:subfield code="a">Introduction: Towards a New History of Jews and the Sasanian Empire -- Jewish Society under Sasanian Rule: From Isolation to Integration -- Competing for Power: Jewish Elites and Sasanian Culture -- Beyond &apos;Tolerance&apos;: The Logics of Sasanian Violence against Jews -- Forgetting Persecution: Memory and Anti-Martyrdom in the Babylonian Talmud -- Rabbis and Fire: Navigating a Zoroastrian Empire Temples -- Kings and Religion in the Talmud and in the Imagination of Sasanian Communities -- Conclusion: The Sasanian Empire from the Perspective of the Jews.</marc:subfield></marc:datafield><marc:datafield tag="520" ind1=" " ind2=" "><marc:subfield code="a">&quot;Offers a radically new account that advances the modern scholarly understanding of Babylonian Jewish history and society, and of Sasanian rule. Building upon recent developments in the study of the Sasanian Empire, the book offers a more direct model of Sasanian rule, within and against which Jews invariably positioned and defined themselves&quot;--</marc:subfield><marc:subfield code="c">Provided by publisher.</marc:subfield></marc:datafield><marc:datafield tag="650" ind1=" " ind2="0"><marc:subfield code="a">Jews</marc:subfield><marc:subfield code="x">History.</marc:subfield><marc:subfield code="z">Iraq</marc:subfield><marc:subfield code="z">Babylonia</marc:subfield></marc:datafield><marc:datafield tag="650" ind1=" " ind2="0"><marc:subfield code="a">Sassanids</marc:subfield><marc:subfield code="x">Intellectual life.</marc:subfield></marc:datafield><marc:datafield tag="650" ind1=" " ind2="0"><marc:subfield code="a">Talmud</marc:subfield><marc:subfield code="x">Iranian influences.</marc:subfield></marc:datafield><marc:datafield tag="651" ind1=" " ind2="0"><marc:subfield code="a">Iran</marc:subfield><marc:subfield code="x">Ethnic relations.</marc:subfield></marc:datafield><marc:datafield tag="651" ind1=" " ind2="0"><marc:subfield code="a">Iran</marc:subfield><marc:subfield code="x">History</marc:subfield><marc:subfield code="x">To 640.</marc:subfield></marc:datafield><marc:datafield tag="920" ind1=" " ind2=" "><marc:subfield code="a">book</marc:subfield></marc:datafield></marc:record>