<marc:record><marc:leader>02255nam a22002295i 4500</marc:leader><marc:controlfield tag="005">20250926152018.0</marc:controlfield><marc:controlfield tag="008">240227s2024    nyu    |r    |000 ||eng||</marc:controlfield><marc:controlfield tag="001">990036755520409161</marc:controlfield><marc:datafield tag="SID" ind1=" " ind2=" "><marc:subfield code="a">Z39</marc:subfield><marc:subfield code="b">LOC</marc:subfield></marc:datafield><marc:datafield tag="010" ind1=" " ind2=" "><marc:subfield code="a">2024933488</marc:subfield></marc:datafield><marc:datafield tag="020" ind1=" " ind2=" "><marc:subfield code="a">9780198897880</marc:subfield><marc:subfield code="q">hbk</marc:subfield></marc:datafield><marc:datafield tag="020" ind1=" " ind2=" "><marc:subfield code="q">(epub)</marc:subfield><marc:subfield code="z">9780198897934</marc:subfield></marc:datafield><marc:datafield tag="035" ind1=" " ind2=" "><marc:subfield code="a">(RUG01)003675552</marc:subfield></marc:datafield><marc:datafield tag="035" ind1=" " ind2=" "><marc:subfield code="a">23581607</marc:subfield></marc:datafield><marc:datafield tag="040" ind1=" " ind2=" "><marc:subfield code="a">DLC</marc:subfield><marc:subfield code="b">eng</marc:subfield><marc:subfield code="c">DLC</marc:subfield><marc:subfield code="e">rda</marc:subfield></marc:datafield><marc:datafield tag="042" ind1=" " ind2=" "><marc:subfield code="a">pcc</marc:subfield></marc:datafield><marc:datafield tag="100" ind1="1" ind2=" "><marc:subfield code="a">Howard-Johnston, James,</marc:subfield><marc:subfield code="d">1942-</marc:subfield><marc:subfield code="0">(viaf)37225997</marc:subfield></marc:datafield><marc:datafield tag="245" ind1="1" ind2="0"><marc:subfield code="a">Byzantium :</marc:subfield><marc:subfield code="b">economy, society, institutions 600-1100 /</marc:subfield><marc:subfield code="c">James Howard-Johnston.</marc:subfield></marc:datafield><marc:datafield tag="260" ind1=" " ind2="1"><marc:subfield code="a">Oxford :</marc:subfield><marc:subfield code="b">Oxford university press,</marc:subfield><marc:subfield code="c">2024.</marc:subfield></marc:datafield><marc:datafield tag="300" ind1=" " ind2=" "><marc:subfield code="a">VIII, 302 p.</marc:subfield></marc:datafield><marc:datafield tag="520" ind1=" " ind2=" "><marc:subfield code="a">&quot;A collection of linked essays, including several previously published which have been thoroughly revised and updated. They are targeted on fundamental structural features of Byzantium - its economy, social order and governing institutions, in two eras of change (the seventh-eighth and tenth-eleventh centuries). The aim is to present a coherent picture of Byzantium, based on many years of research and teaching by the author. The following are the key propositions advanced. (1) The economy was affected by political circumstances, but there was no weakening in the commercial drive, even in the darkest days. (2) The state was geared to war, more centralised than before and more militarised. (3) Provincial cities lost their central place in the administrative system, replaced by army commands (themes). (4). The peasant village was recognised as the fundamental social formation. (5) When the years of grim, defensive warfare eased (from the middle of the ninth century), and members of the service aristocracy set about buying land in the provinces, they established themselves in the country rather than town. (6) They were unable to develop their landholdings and clientages into something akin to western medieval lordship, because of sustained and effective opposition from the crown. (7) There was no weakening in the sinews of the state in its eleventh-century cultural and intellectual heyday. (8) It was a concatenation of threats, from without (Turks and Normans) and from within (Bulgars and Serbs), which led to disaster in the late eleventh century&quot;--</marc:subfield><marc:subfield code="c">Provided by publisher.</marc:subfield></marc:datafield><marc:datafield tag="920" ind1=" " ind2=" "><marc:subfield code="a">book</marc:subfield></marc:datafield></marc:record>