<marc:record><marc:leader>01741cam a2200433 c 4500</marc:leader><marc:controlfield tag="005">20250918232110.0</marc:controlfield><marc:controlfield tag="008">941107s1994    ne |||||r    |00| ||mul|c</marc:controlfield><marc:controlfield tag="001">990036755470409161</marc:controlfield><marc:datafield tag="010" ind1=" " ind2=" "><marc:subfield code="a">94211813</marc:subfield></marc:datafield><marc:datafield tag="020" ind1=" " ind2=" "><marc:subfield code="a">9061717787</marc:subfield><marc:subfield code="q">9061717787</marc:subfield></marc:datafield><marc:datafield tag="035" ind1=" " ind2=" "><marc:subfield code="a">(RUG01)003675547</marc:subfield></marc:datafield><marc:datafield tag="035" ind1=" " ind2=" "><marc:subfield code="a">(DE-627)171401743</marc:subfield></marc:datafield><marc:datafield tag="035" ind1=" " ind2=" "><marc:subfield code="a">(DE-599)GBV171401743</marc:subfield></marc:datafield><marc:datafield tag="035" ind1=" " ind2=" "><marc:subfield code="a">(OCoLC)831690936</marc:subfield></marc:datafield><marc:datafield tag="040" ind1=" " ind2=" "><marc:subfield code="a">DE-627</marc:subfield><marc:subfield code="b">ger</marc:subfield><marc:subfield code="c">DE-627</marc:subfield><marc:subfield code="e">rakwb</marc:subfield></marc:datafield><marc:datafield tag="041" ind1=" " ind2=" "><marc:subfield code="a">dut</marc:subfield><marc:subfield code="a">lat</marc:subfield><marc:subfield code="a">fry</marc:subfield></marc:datafield><marc:datafield tag="044" ind1=" " ind2=" "><marc:subfield code="c">XA-NL</marc:subfield></marc:datafield><marc:datafield tag="050" ind1=" " ind2="0"><marc:subfield code="a">DJ401.F535</marc:subfield></marc:datafield><marc:datafield tag="084" ind1=" " ind2=" "><marc:subfield code="a">15.63</marc:subfield><marc:subfield code="2">bkl</marc:subfield></marc:datafield><marc:datafield tag="245" ind1="0" ind2="0"><marc:subfield code="a">Friese testamenten tot 1550 /</marc:subfield><marc:subfield code="c">uitgegeven door G. Verhoeven en J.A. Mol; met medewerking van H. Bremer.</marc:subfield></marc:datafield><marc:datafield tag="260" ind1=" " ind2=" "><marc:subfield code="a">Ljouwert/Leewarden :</marc:subfield><marc:subfield code="b">Fryske Akademy,</marc:subfield><marc:subfield code="c">1994.</marc:subfield></marc:datafield><marc:datafield tag="264" ind1=" " ind2="1"><marc:subfield code="a">Ljouwert/Leewarden :</marc:subfield><marc:subfield code="b">Fryske Akademy,</marc:subfield><marc:subfield code="c">1994.</marc:subfield></marc:datafield><marc:datafield tag="300" ind1=" " ind2=" "><marc:subfield code="a">XXXV, 664 p. :</marc:subfield><marc:subfield code="b">ill ;</marc:subfield><marc:subfield code="c">25 cm.</marc:subfield></marc:datafield><marc:datafield tag="490" ind1="0" ind2=" "><marc:subfield code="a">Boarnerige</marc:subfield><marc:subfield code="v">4</marc:subfield></marc:datafield><marc:datafield tag="490" ind1="0" ind2=" "><marc:subfield code="a">Fryske Akademy</marc:subfield><marc:subfield code="v">778</marc:subfield></marc:datafield><marc:datafield tag="500" ind1=" " ind2=" "><marc:subfield code="3">LWBIB.L0</marc:subfield><marc:subfield code="a">Met ex libris van Hilde Symoens</marc:subfield></marc:datafield><marc:datafield tag="500" ind1=" " ind2=" "><marc:subfield code="a">Includes bibliographical references (p. xxx-xxxv) and index</marc:subfield></marc:datafield><marc:datafield tag="541" ind1=" " ind2=" "><marc:subfield code="3">LWBIB.L0</marc:subfield><marc:subfield code="c">Schenking</marc:subfield><marc:subfield code="a">De Ridder-Symoens, Hilde</marc:subfield><marc:subfield code="d">16/03/2023</marc:subfield></marc:datafield><marc:datafield tag="546" ind1=" " ind2=" "><marc:subfield code="a">Introduction and notes in Dutch; text in Latin, Frisian, and Dutch</marc:subfield></marc:datafield><marc:datafield tag="650" ind1=" " ind2="0"><marc:subfield code="a">Friesland (Netherlands)</marc:subfield><marc:subfield code="x">Social life and customs</marc:subfield><marc:subfield code="x">Sources</marc:subfield></marc:datafield><marc:datafield tag="650" ind1=" " ind2="0"><marc:subfield code="a">Wills</marc:subfield><marc:subfield code="z">Netherlands</marc:subfield><marc:subfield code="z">Friesland</marc:subfield></marc:datafield><marc:datafield tag="651" ind1=" " ind2="0"><marc:subfield code="a">Friesland (Netherlands)</marc:subfield><marc:subfield code="x">Genealogy</marc:subfield></marc:datafield><marc:datafield tag="700" ind1="1" ind2=" "><marc:subfield code="a">Verhoeven, Gerard,</marc:subfield><marc:subfield code="d">1944-</marc:subfield><marc:subfield code="0">(viaf)0</marc:subfield></marc:datafield><marc:datafield tag="700" ind1="1" ind2=" "><marc:subfield code="a">Mol, Johannes A.,</marc:subfield><marc:subfield code="d">1954-</marc:subfield><marc:subfield code="0">(viaf)100520225</marc:subfield></marc:datafield><marc:datafield tag="700" ind1="1" ind2=" "><marc:subfield code="a">Bremer, H.,</marc:subfield><marc:subfield code="d">....-</marc:subfield><marc:subfield code="0">(viaf)0</marc:subfield><marc:subfield code="4">oth</marc:subfield></marc:datafield><marc:datafield tag="810" ind1="2" ind2=" "><marc:subfield code="a">Fryske Akademy</marc:subfield><marc:subfield code="t">Boarnerige / Fryske Akademy</marc:subfield><marc:subfield code="v">4</marc:subfield><marc:subfield code="w">(DE-627)182337367</marc:subfield><marc:subfield code="w">(DE-576)9182337365</marc:subfield><marc:subfield code="w">(DE-600)1198846-0</marc:subfield></marc:datafield><marc:datafield tag="810" ind1="2" ind2=" "><marc:subfield code="a">Fryske Akademy</marc:subfield><marc:subfield code="t">Fryske Akademy</marc:subfield><marc:subfield code="v">778</marc:subfield><marc:subfield code="w">(DE-627)165784814</marc:subfield><marc:subfield code="w">(DE-576)437584240</marc:subfield><marc:subfield code="w">(DE-600)15944-X</marc:subfield></marc:datafield><marc:datafield tag="920" ind1=" " ind2=" "><marc:subfield code="a">book</marc:subfield></marc:datafield><marc:datafield tag="SID" ind1=" " ind2=" "><marc:subfield code="a">Z39</marc:subfield><marc:subfield code="b">K10PLUS</marc:subfield></marc:datafield></marc:record>