<marc:record><marc:leader>00679njm a2200205 a 4500</marc:leader><marc:controlfield tag="005">20250918114924.0</marc:controlfield><marc:controlfield tag="008">250804nuuuuuuuuxx |||||#|||||||| | fre|d</marc:controlfield><marc:controlfield tag="001">990036755350409161</marc:controlfield><marc:datafield tag="028" ind1="1" ind2="0"><marc:subfield code="a">37552</marc:subfield><marc:subfield code="b">Parlophon</marc:subfield></marc:datafield><marc:datafield tag="028" ind1="1" ind2="0"><marc:subfield code="a">38125</marc:subfield><marc:subfield code="b">Parlophon</marc:subfield></marc:datafield><marc:datafield tag="028" ind1="2" ind2="0"><marc:subfield code="a">B. 17053</marc:subfield><marc:subfield code="b">Parlophon</marc:subfield></marc:datafield><marc:datafield tag="035" ind1=" " ind2=" "><marc:subfield code="a">(RUG01)003675535</marc:subfield></marc:datafield><marc:datafield tag="040" ind1=" " ind2=" "><marc:subfield code="a">BE-GnUNI</marc:subfield></marc:datafield><marc:datafield tag="100" ind1="1" ind2=" "><marc:subfield code="a">Weinberger, Jaromir,</marc:subfield><marc:subfield code="d">1896-1967</marc:subfield><marc:subfield code="0">(viaf)20452967</marc:subfield></marc:datafield><marc:datafield tag="245" ind1="1" ind2="0"><marc:subfield code="a">Polka bohémienne :</marc:subfield><marc:subfield code="b">de l&apos;op. &quot;Schwanda, le cornemuseur&quot; /</marc:subfield><marc:subfield code="c">Jaromir Weinberger; orhestre Edith Lorand.</marc:subfield></marc:datafield><marc:datafield tag="260" ind1=" " ind2=" "><marc:subfield code="a">S.l. :</marc:subfield><marc:subfield code="b">Parlophon,</marc:subfield><marc:subfield code="c">n.d.</marc:subfield></marc:datafield><marc:datafield tag="300" ind1=" " ind2=" "><marc:subfield code="a">1 grammofoonplaat :</marc:subfield><marc:subfield code="b">78 rpm ;</marc:subfield><marc:subfield code="c">25 cm.</marc:subfield></marc:datafield><marc:datafield tag="710" ind1="2" ind2=" "><marc:subfield code="a">Orhestre Edith Lorand</marc:subfield><marc:subfield code="4">prf</marc:subfield></marc:datafield><marc:datafield tag="710" ind1="2" ind2=" "><marc:subfield code="a">Carl Lindström A.G.</marc:subfield></marc:datafield><marc:datafield tag="920" ind1=" " ind2=" "><marc:subfield code="a">audio</marc:subfield></marc:datafield></marc:record>