<marc:record><marc:leader>00329nas a2200133 a 4500</marc:leader><marc:controlfield tag="005">20250918123700.0</marc:controlfield><marc:controlfield tag="008">250805|uuuuuuuube u| p|r#|||||   ||dut|d</marc:controlfield><marc:controlfield tag="001">990036755340409161</marc:controlfield><marc:datafield tag="035" ind1=" " ind2=" "><marc:subfield code="a">(RUG01)003675534</marc:subfield></marc:datafield><marc:datafield tag="040" ind1=" " ind2=" "><marc:subfield code="a">BE-GnUNI</marc:subfield></marc:datafield><marc:datafield tag="245" ind1="0" ind2="0"><marc:subfield code="a">Kots.</marc:subfield></marc:datafield><marc:datafield tag="260" ind1=" " ind2=" "><marc:subfield code="a">[Gent] :</marc:subfield><marc:subfield code="b">KDA,</marc:subfield><marc:subfield code="c">n.d.</marc:subfield></marc:datafield><marc:datafield tag="710" ind1="2" ind2=" "><marc:subfield code="a">Kollektief voor direkte aksie</marc:subfield></marc:datafield><marc:datafield tag="920" ind1=" " ind2=" "><marc:subfield code="a">periodical</marc:subfield></marc:datafield></marc:record>