<marc:record><marc:leader>00458nam a2200145 a 4500</marc:leader><marc:controlfield tag="005">20250918232118.0</marc:controlfield><marc:controlfield tag="008">250805s2025    be |||||r|||||||| ||dut|d</marc:controlfield><marc:controlfield tag="001">990036755330409161</marc:controlfield><marc:datafield tag="035" ind1=" " ind2=" "><marc:subfield code="a">(RUG01)003675533</marc:subfield></marc:datafield><marc:datafield tag="040" ind1=" " ind2=" "><marc:subfield code="a">BE-GnUNI</marc:subfield></marc:datafield><marc:datafield tag="100" ind1="1" ind2=" "><marc:subfield code="a">Brabants, Jos,</marc:subfield><marc:subfield code="d">1947-</marc:subfield><marc:subfield code="0">(viaf)282310387</marc:subfield></marc:datafield><marc:datafield tag="245" ind1="1" ind2="0"><marc:subfield code="a">Fondslijst bibliofiel boekwerk uitgaven :</marc:subfield><marc:subfield code="b">Private Pers Jozef Moetwillig /</marc:subfield><marc:subfield code="c">Jos Brabants.</marc:subfield></marc:datafield><marc:datafield tag="260" ind1=" " ind2=" "><marc:subfield code="a">Gent :</marc:subfield><marc:subfield code="b">Jozef Moetwillig,</marc:subfield><marc:subfield code="c">[2025].</marc:subfield></marc:datafield><marc:datafield tag="300" ind1=" " ind2=" "><marc:subfield code="a">51 p.: ill.</marc:subfield></marc:datafield><marc:datafield tag="920" ind1=" " ind2=" "><marc:subfield code="a">book</marc:subfield></marc:datafield></marc:record>