<marc:record><marc:leader>00804ntm a2200193 a 4500</marc:leader><marc:controlfield tag="005">20250918104524.0</marc:controlfield><marc:controlfield tag="008">250805m19891990be |||||rm||||||| ||dut|d</marc:controlfield><marc:controlfield tag="001">990036755310409161</marc:controlfield><marc:datafield tag="035" ind1=" " ind2=" "><marc:subfield code="a">(RUG01)003675531</marc:subfield></marc:datafield><marc:datafield tag="040" ind1=" " ind2=" "><marc:subfield code="a">BE-GnUNI</marc:subfield></marc:datafield><marc:datafield tag="100" ind1="1" ind2=" "><marc:subfield code="a">Pollet, Anne Marie,</marc:subfield><marc:subfield code="d">....-</marc:subfield><marc:subfield code="0">(viaf)0</marc:subfield></marc:datafield><marc:datafield tag="245" ind1="1" ind2="0"><marc:subfield code="a">Paneelstempels op boekbanden uit de Nederlanden (XVe - XVIe eeuw) :</marc:subfield><marc:subfield code="b">(Verzameling Universiteitsbibliotheek Gent) /</marc:subfield><marc:subfield code="c">door Anne Marie Pollet.</marc:subfield></marc:datafield><marc:datafield tag="260" ind1=" " ind2=" "><marc:subfield code="c">1989-1990.</marc:subfield></marc:datafield><marc:datafield tag="300" ind1=" " ind2=" "><marc:subfield code="a">Xii, 256 p.</marc:subfield></marc:datafield><marc:datafield tag="502" ind1=" " ind2=" "><marc:subfield code="a">Proefschrift voorgelegd tot het behalen van de graad van licentiaat in de Kunstgeschiedenis en Oudheidkunde, richting plastische kunsten</marc:subfield></marc:datafield><marc:datafield tag="700" ind1="1" ind2=" "><marc:subfield code="a">Derolez, Albert,</marc:subfield><marc:subfield code="d">1934-</marc:subfield><marc:subfield code="0">(viaf)66486519</marc:subfield><marc:subfield code="e">promotor</marc:subfield></marc:datafield><marc:datafield tag="710" ind1="2" ind2=" "><marc:subfield code="a">Rijksuniversiteit Gent.</marc:subfield><marc:subfield code="b">Faculteit Letteren en Wijsbegeerte.</marc:subfield></marc:datafield><marc:datafield tag="920" ind1=" " ind2=" "><marc:subfield code="a">master</marc:subfield></marc:datafield><marc:datafield tag="922" ind1=" " ind2=" "><marc:subfield code="a">UGENT-LW</marc:subfield></marc:datafield></marc:record>