<marc:record><marc:leader>00821njm a2200229 a 4500</marc:leader><marc:controlfield tag="005">20250918114923.0</marc:controlfield><marc:controlfield tag="008">250804nuuuuuuuuxx |||||#|||||||| | fre|d</marc:controlfield><marc:controlfield tag="001">990036755270409161</marc:controlfield><marc:datafield tag="028" ind1="1" ind2="0"><marc:subfield code="a">43085</marc:subfield><marc:subfield code="b">Parlophon</marc:subfield></marc:datafield><marc:datafield tag="028" ind1="1" ind2="0"><marc:subfield code="a">43087</marc:subfield><marc:subfield code="b">Parlophon</marc:subfield></marc:datafield><marc:datafield tag="028" ind1="2" ind2="0"><marc:subfield code="a">B. 28048</marc:subfield><marc:subfield code="b">Parlophon</marc:subfield></marc:datafield><marc:datafield tag="035" ind1=" " ind2=" "><marc:subfield code="a">(RUG01)003675527</marc:subfield></marc:datafield><marc:datafield tag="040" ind1=" " ind2=" "><marc:subfield code="a">BE-GnUNI</marc:subfield></marc:datafield><marc:datafield tag="100" ind1="1" ind2=" "><marc:subfield code="a">Puccini, Giacomo,</marc:subfield><marc:subfield code="d">1858-1924</marc:subfield><marc:subfield code="0">(viaf)95156473</marc:subfield><marc:subfield code="4">cmp</marc:subfield></marc:datafield><marc:datafield tag="245" ind1="1" ind2="3"><marc:subfield code="a">La vie de bohème: &quot;Questa é Mimi&quot;; La Tosca: e lucean le stelle /</marc:subfield><marc:subfield code="c">Puccini; G. Garuti ; avec grand orchestre symphonique.</marc:subfield></marc:datafield><marc:datafield tag="260" ind1=" " ind2=" "><marc:subfield code="a">S.l. :</marc:subfield><marc:subfield code="b">Parlophon,</marc:subfield><marc:subfield code="c">n.d.</marc:subfield></marc:datafield><marc:datafield tag="300" ind1=" " ind2=" "><marc:subfield code="a">1 grammofoonplaat :</marc:subfield><marc:subfield code="b">78 rpm ;</marc:subfield><marc:subfield code="c">25 cm.</marc:subfield></marc:datafield><marc:datafield tag="505" ind1="0" ind2=" "><marc:subfield code="a">A. La vie de bohème: &quot;Questa é Mimi&quot;</marc:subfield></marc:datafield><marc:datafield tag="505" ind1="0" ind2=" "><marc:subfield code="a">B. La Tosca: e lucean le stelle</marc:subfield></marc:datafield><marc:datafield tag="700" ind1="1" ind2=" "><marc:subfield code="a">Garuti, g,</marc:subfield><marc:subfield code="d">1842-1912</marc:subfield><marc:subfield code="0">(viaf)14959005</marc:subfield><marc:subfield code="4">cmp</marc:subfield></marc:datafield><marc:datafield tag="710" ind1="2" ind2=" "><marc:subfield code="a">Carl Lindström A.G.</marc:subfield></marc:datafield><marc:datafield tag="920" ind1=" " ind2=" "><marc:subfield code="a">audio</marc:subfield></marc:datafield></marc:record>