<marc:record><marc:leader>03326cam a2200433 i 4500</marc:leader><marc:controlfield tag="005">20250917131427.0</marc:controlfield><marc:controlfield tag="008">160216s2016    ilua   |rb   s001 ||eng||</marc:controlfield><marc:controlfield tag="001">990036755220409161</marc:controlfield><marc:datafield tag="010" ind1=" " ind2=" "><marc:subfield code="a">2015046831</marc:subfield></marc:datafield><marc:datafield tag="020" ind1=" " ind2=" "><marc:subfield code="a">9780252040269</marc:subfield><marc:subfield code="q">cloth : acidfree paper</marc:subfield></marc:datafield><marc:datafield tag="020" ind1=" " ind2=" "><marc:subfield code="a">9780252081712</marc:subfield><marc:subfield code="q">paperback : acidfree paper</marc:subfield></marc:datafield><marc:datafield tag="020" ind1=" " ind2=" "><marc:subfield code="a">9780252098529</marc:subfield></marc:datafield><marc:datafield tag="035" ind1=" " ind2=" "><marc:subfield code="a">(RUG01)003675522</marc:subfield></marc:datafield><marc:datafield tag="035" ind1=" " ind2=" "><marc:subfield code="a">(RUG01)003675522RUG01</marc:subfield></marc:datafield><marc:datafield tag="035" ind1=" " ind2=" "><marc:subfield code="a">18977238</marc:subfield></marc:datafield><marc:datafield tag="040" ind1=" " ind2=" "><marc:subfield code="a">DLC</marc:subfield><marc:subfield code="b">eng</marc:subfield><marc:subfield code="c">DLC</marc:subfield><marc:subfield code="d">DLC</marc:subfield><marc:subfield code="e">rda</marc:subfield></marc:datafield><marc:datafield tag="042" ind1=" " ind2=" "><marc:subfield code="a">pcc</marc:subfield></marc:datafield><marc:datafield tag="043" ind1=" " ind2=" "><marc:subfield code="a">n-us---</marc:subfield></marc:datafield><marc:datafield tag="050" ind1="0" ind2="0"><marc:subfield code="a">PN4888.I52</marc:subfield><marc:subfield code="b">C67 2016</marc:subfield></marc:datafield><marc:datafield tag="082" ind1="0" ind2="0"><marc:subfield code="a">070.4/4997000497</marc:subfield><marc:subfield code="2">23</marc:subfield></marc:datafield><marc:datafield tag="100" ind1="1" ind2=" "><marc:subfield code="a">Coward, John M.,</marc:subfield><marc:subfield code="d">1950-</marc:subfield><marc:subfield code="0">(viaf)76484457</marc:subfield></marc:datafield><marc:datafield tag="245" ind1="1" ind2="0"><marc:subfield code="a">Indians illustrated :</marc:subfield><marc:subfield code="b">the image of Native Americans in the pictorial press /</marc:subfield><marc:subfield code="c">John M. Coward.</marc:subfield></marc:datafield><marc:datafield tag="260" ind1=" " ind2=" "><marc:subfield code="a">Urbana (Ill.) :</marc:subfield><marc:subfield code="b">University of Illinois press,</marc:subfield><marc:subfield code="c">2016.</marc:subfield></marc:datafield><marc:datafield tag="300" ind1=" " ind2=" "><marc:subfield code="a">Viii, 228 pages :</marc:subfield><marc:subfield code="b">illustrations ;</marc:subfield><marc:subfield code="c">27 cm.</marc:subfield></marc:datafield><marc:datafield tag="490" ind1="0" ind2=" "><marc:subfield code="a">The history of communication</marc:subfield></marc:datafield><marc:datafield tag="504" ind1=" " ind2=" "><marc:subfield code="a">Includes bibliographical references and index.</marc:subfield></marc:datafield><marc:datafield tag="520" ind1="2" ind2=" "><marc:subfield code="a">&quot;Indians Illustrated is a social and cultural history of Indian illustrations in Frank Leslie&apos;s Illustrated Newspaper, Harper&apos;s Weekly, and other illustrated journals during the last half of the nineteenth century, the heyday of the American pictorial press. The pictorial press era, spurred in the mid-1850s by the transportation revolution, innovations in printing technology, and an expanded literary and pictorial market, was marked by a proliferation of detailed, realistic woodblock engravings, pictures of newsworthy people and interesting events from across the nation and the world. The pictorial press frequently depicted Indians and Indian life in popular but narrowly conceived ways. In pictures, Indians were simplified and presented in familiar and easily understood categories, usually as variations on the &apos;good&apos; Indian/&apos;bad&apos; Indian stereotypes long established in Euro-American culture. Indian men were depicted as &apos;tall and copper-colored, with braided hair, clothed in buckskin, and moccasins, and adorned in headdresses, beadwork and/or turquoise&apos; while Indian women were depicted as either Indian princesses or squaws. John Coward argues that these pictures helped create and sustain a host of popular ideas and attitudes about Indians, especially ideas about the way Indians were supposed to look and act. By describing and analyzing the various themes and visual tropes across the years of the illustrated press, this book provides a deeper understanding of the racial codes and visual signs that white Americans used to represent Native Americans in an era of western expansion and Manifest Destiny&quot;--Provided by publisher.</marc:subfield></marc:datafield><marc:datafield tag="650" ind1=" " ind2="0"><marc:subfield code="a">Illustrated periodicals</marc:subfield><marc:subfield code="x">History.</marc:subfield><marc:subfield code="z">United States</marc:subfield></marc:datafield><marc:datafield tag="650" ind1=" " ind2="0"><marc:subfield code="a">Indians in popular culture</marc:subfield><marc:subfield code="x">History.</marc:subfield><marc:subfield code="z">United States</marc:subfield></marc:datafield><marc:datafield tag="650" ind1=" " ind2="0"><marc:subfield code="a">Indians of North America</marc:subfield><marc:subfield code="x">Press coverage</marc:subfield><marc:subfield code="x">History.</marc:subfield></marc:datafield><marc:datafield tag="650" ind1=" " ind2="0"><marc:subfield code="a">Indians of North America</marc:subfield><marc:subfield code="x">Public opinion</marc:subfield><marc:subfield code="x">History.</marc:subfield></marc:datafield><marc:datafield tag="650" ind1=" " ind2="0"><marc:subfield code="a">Journalism, Pictorial</marc:subfield><marc:subfield code="x">Social aspects</marc:subfield><marc:subfield code="x">History.</marc:subfield><marc:subfield code="z">United States</marc:subfield></marc:datafield><marc:datafield tag="650" ind1=" " ind2="0"><marc:subfield code="a">Popular culture</marc:subfield><marc:subfield code="x">History.</marc:subfield><marc:subfield code="z">United States</marc:subfield></marc:datafield><marc:datafield tag="650" ind1=" " ind2="0"><marc:subfield code="a">Public opinion</marc:subfield><marc:subfield code="x">History.</marc:subfield><marc:subfield code="z">United States</marc:subfield></marc:datafield><marc:datafield tag="650" ind1=" " ind2="0"><marc:subfield code="a">Stereotypes (Social psychology)</marc:subfield><marc:subfield code="x">History.</marc:subfield><marc:subfield code="z">United States</marc:subfield></marc:datafield><marc:datafield tag="650" ind1=" " ind2="0"><marc:subfield code="a">Visual communication</marc:subfield><marc:subfield code="x">History.</marc:subfield><marc:subfield code="z">United States</marc:subfield></marc:datafield><marc:datafield tag="651" ind1=" " ind2="0"><marc:subfield code="a">United States</marc:subfield><marc:subfield code="x">Race relations</marc:subfield><marc:subfield code="x">History.</marc:subfield></marc:datafield><marc:datafield tag="920" ind1=" " ind2=" "><marc:subfield code="a">book</marc:subfield></marc:datafield><marc:datafield tag="SID" ind1=" " ind2=" "><marc:subfield code="a">Z39</marc:subfield><marc:subfield code="b">LOC</marc:subfield></marc:datafield></marc:record>