<marc:record><marc:leader>00477cam a2200157 c 4500</marc:leader><marc:controlfield tag="005">20250923113113.0</marc:controlfield><marc:controlfield tag="008">240108s2023    xx |||||r    |00| ||fre|c</marc:controlfield><marc:controlfield tag="001">990036755200409161</marc:controlfield><marc:datafield tag="SID" ind1=" " ind2=" "><marc:subfield code="a">Z39</marc:subfield><marc:subfield code="b">K10PLUS</marc:subfield></marc:datafield><marc:datafield tag="020" ind1=" " ind2=" "><marc:subfield code="a">9791037031334</marc:subfield><marc:subfield code="q">pbk</marc:subfield></marc:datafield><marc:datafield tag="041" ind1=" " ind2=" "><marc:subfield code="a">fre</marc:subfield></marc:datafield><marc:datafield tag="245" ind1="0" ind2="2"><marc:subfield code="a">L&apos;Empire post-romain :</marc:subfield><marc:subfield code="b">400-600 après J.-C. /</marc:subfield><marc:subfield code="c">sous la direction de Sylvain Destephen.</marc:subfield></marc:datafield><marc:datafield tag="260" ind1=" " ind2="1"><marc:subfield code="a">Paris :</marc:subfield><marc:subfield code="b">Hermann,</marc:subfield><marc:subfield code="c">2023.</marc:subfield></marc:datafield><marc:datafield tag="300" ind1=" " ind2=" "><marc:subfield code="a">274 p.: ill.</marc:subfield></marc:datafield><marc:datafield tag="700" ind1="1" ind2=" "><marc:subfield code="a">Destephen, Sylvain,</marc:subfield><marc:subfield code="d">1972-</marc:subfield><marc:subfield code="0">(viaf)74175608</marc:subfield></marc:datafield><marc:datafield tag="920" ind1=" " ind2=" "><marc:subfield code="a">book</marc:subfield></marc:datafield></marc:record>