<marc:record><marc:leader>04227cam a22003138i 4500</marc:leader><marc:controlfield tag="005">20251028153845.0</marc:controlfield><marc:controlfield tag="008">230523s2023    enk    |rb   |001 |deng||</marc:controlfield><marc:controlfield tag="001">990036755150409161</marc:controlfield><marc:datafield tag="SID" ind1=" " ind2=" "><marc:subfield code="a">Z39</marc:subfield><marc:subfield code="b">LOC</marc:subfield></marc:datafield><marc:datafield tag="010" ind1=" " ind2=" "><marc:subfield code="a">2023023212</marc:subfield></marc:datafield><marc:datafield tag="020" ind1=" " ind2=" "><marc:subfield code="a">9781032449838</marc:subfield><marc:subfield code="q">pbk</marc:subfield></marc:datafield><marc:datafield tag="035" ind1=" " ind2=" "><marc:subfield code="a">(RUG01)003675515</marc:subfield></marc:datafield><marc:datafield tag="035" ind1=" " ind2=" "><marc:subfield code="a">23140864</marc:subfield></marc:datafield><marc:datafield tag="040" ind1=" " ind2=" "><marc:subfield code="a">DLC</marc:subfield><marc:subfield code="b">eng</marc:subfield><marc:subfield code="c">DLC</marc:subfield><marc:subfield code="e">rda</marc:subfield></marc:datafield><marc:datafield tag="042" ind1=" " ind2=" "><marc:subfield code="a">pcc</marc:subfield></marc:datafield><marc:datafield tag="050" ind1="0" ind2="0"><marc:subfield code="a">BP76.4</marc:subfield><marc:subfield code="b">.L435 2023</marc:subfield></marc:datafield><marc:datafield tag="100" ind1="1" ind2=" "><marc:subfield code="a">Lecker, Michael,</marc:subfield><marc:subfield code="d">1951-</marc:subfield><marc:subfield code="0">(viaf)71514550</marc:subfield></marc:datafield><marc:datafield tag="245" ind1="1" ind2="0"><marc:subfield code="a">Studies on the life of Muhammad and the dawn of Islam :</marc:subfield><marc:subfield code="b">idol worshippers, Christians and Jews in pre- and early Islam /</marc:subfield><marc:subfield code="c">Michael Lecker.</marc:subfield></marc:datafield><marc:datafield tag="264" ind1=" " ind2="1"><marc:subfield code="a">London :</marc:subfield><marc:subfield code="b">Routledge,</marc:subfield><marc:subfield code="c">2023.</marc:subfield></marc:datafield><marc:datafield tag="300" ind1=" " ind2=" "><marc:subfield code="a">XIV, 254 p.:ill.</marc:subfield></marc:datafield><marc:datafield tag="490" ind1="0" ind2=" "><marc:subfield code="a">Variorum collected studies ;</marc:subfield><marc:subfield code="v">1118</marc:subfield></marc:datafield><marc:datafield tag="504" ind1=" " ind2=" "><marc:subfield code="a">Includes bibliographical references and index.</marc:subfield></marc:datafield><marc:datafield tag="505" ind1="0" ind2=" "><marc:subfield code="a">Part I. Arabia on the Eve of Islam: Pre-Islamic Arabia -- The Monotheistic Cousins of Muḥammad&apos;s Wife Khadīja -- Part II. Muḥammad at Medina: Were the Ghassānids and the Byzantines behind Muḥammad&apos;s hijra? -- Genealogy and Politics: Muḥammad&apos;s Family Links with the Khazraj -- The Emigration of &apos;Utba ibn Abī Waqqāṣ -- Did the Quraysh Conclude a Treaty with the Anṣār Prior to the hijra? -- Part III. Muḥammad and the Jews: Abū Mālik &apos;Abdallāh b. Sām of Kinda, a Jewish Convert to Islam -- Were the Jewish Tribes in Arabia Clients of Arab Tribes? -- Did Muḥammad Conclude Treaties with the Jewish Tribes Nadir, Qurayza and Qaynuqāʻ? -- The Assassination of the Jewish Merchant Ibn Sunayna according to an Authentic Family Account -- Were there Female Relatives of the Prophet Muḥammad among the Besieged Qurayẓa? Sukhayla and ʻĀtika -- Wāqidī (d. 822) vs. Zuhrī (d. 742): The Fate of the Jewish Banū Abī l-Ḥuqayq -- Part IV. Muḥammad ibn Isḥāq and the sīra: -- Muḥammad ibn Isḥāq ṣāḥib al-sīra/ṣāḥib al-maghāzī -- Muḥammad b. Isḥāq ṣāḥib al-maghāzī: Was his Grandfather Jewish? -- When did Ibn Isḥāq compose his Maghāzī? -- Notes about Censorship and Self-Censorship in the Biography of the Prophet Muḥammad -- Part V. Studies on early Islamic Literature: -- The Jewish Reaction to the Islamic Conquests -- Wa-bi-Rādhān mā bi-Rādhān...: The landed Property of ʻAbdallāh ibn Masʻūd -- On the Burial of Martyrs in Islam -- The Futūḥ al-Shām of ʻAbdallāh b. Muḥammad b. Rabīʻa al-Qudāmī.</marc:subfield></marc:datafield><marc:datafield tag="520" ind1=" " ind2=" "><marc:subfield code="a">&quot;This volume includes twenty articles published between 1994 and 2020 on the subject of Muhammad and the history of early Islam, covered in five sections: Arabia on the Eve of Islam, Muḥammad at Medina, Muḥammad and the Jews, Muḥammad ibn Isḥāq and the sīra and Studies on Early Islamic Literature. The book focuses on a variety of historical questions, from the presumed Ghassanid/Byzantine involvement in the hijra and Muḥammad&apos;s treaties with the main Jewish tribes. Predilection for detail, especially in the realms of genealogy and geography, is a salient characteristic of Lecker&apos;s research, which in recent years has been increasingly based on digitized text repositories. Many of the articles deal with the social and economic environment or early Islam, which is vital for the study of Muḥammad&apos;s biography. They are conceived of as building blocks in a future, refined and critical biography of the Arabian prophet. Studies on the Life of Muḥammad and the Dawn of Islam will appeal to those interested in the history of pre- and early Islam, with an emphasis on Muḥammad&apos;s life and his relations with the Jews of Arabia&quot;--</marc:subfield><marc:subfield code="c">Provided by publisher.</marc:subfield></marc:datafield><marc:datafield tag="600" ind1="0" ind2="0"><marc:subfield code="a">Muḥammad,</marc:subfield><marc:subfield code="c">Prophet,</marc:subfield><marc:subfield code="d">-632</marc:subfield><marc:subfield code="v">Biography.</marc:subfield></marc:datafield><marc:datafield tag="600" ind1="0" ind2="0"><marc:subfield code="a">Muḥammad,</marc:subfield><marc:subfield code="c">Prophet,</marc:subfield><marc:subfield code="d">-632</marc:subfield><marc:subfield code="x">Relations with Christians.</marc:subfield></marc:datafield><marc:datafield tag="600" ind1="0" ind2="0"><marc:subfield code="a">Muḥammad,</marc:subfield><marc:subfield code="c">Prophet,</marc:subfield><marc:subfield code="d">-632</marc:subfield><marc:subfield code="x">Relations with Jews.</marc:subfield></marc:datafield><marc:datafield tag="650" ind1=" " ind2="0"><marc:subfield code="a">Islam</marc:subfield><marc:subfield code="x">History</marc:subfield><marc:subfield code="y">To 1500.</marc:subfield></marc:datafield><marc:datafield tag="920" ind1=" " ind2=" "><marc:subfield code="a">book</marc:subfield></marc:datafield></marc:record>