<marc:record><marc:leader>01881cam a22002895i 4500</marc:leader><marc:controlfield tag="005">20251007114954.0</marc:controlfield><marc:controlfield tag="008">230729s2023    gw     |r    |000 ||ger||</marc:controlfield><marc:controlfield tag="001">990036755130409161</marc:controlfield><marc:datafield tag="SID" ind1=" " ind2=" "><marc:subfield code="a">Z39</marc:subfield><marc:subfield code="b">LOC</marc:subfield></marc:datafield><marc:datafield tag="010" ind1=" " ind2=" "><marc:subfield code="a">2023470842</marc:subfield></marc:datafield><marc:datafield tag="016" ind1="7" ind2=" "><marc:subfield code="a">1292705949</marc:subfield><marc:subfield code="2">DE-101</marc:subfield></marc:datafield><marc:datafield tag="020" ind1=" " ind2=" "><marc:subfield code="a">9783161624858</marc:subfield><marc:subfield code="q">hbk</marc:subfield></marc:datafield><marc:datafield tag="024" ind1="3" ind2=" "><marc:subfield code="a">9783161624858</marc:subfield></marc:datafield><marc:datafield tag="035" ind1=" " ind2=" "><marc:subfield code="a">(RUG01)003675513</marc:subfield></marc:datafield><marc:datafield tag="035" ind1=" " ind2=" "><marc:subfield code="a">23261710</marc:subfield></marc:datafield><marc:datafield tag="035" ind1=" " ind2=" "><marc:subfield code="a">(GyWOH)har230360002</marc:subfield></marc:datafield><marc:datafield tag="040" ind1=" " ind2=" "><marc:subfield code="a">DLC</marc:subfield><marc:subfield code="b">eng</marc:subfield><marc:subfield code="c">DLC</marc:subfield><marc:subfield code="e">rda</marc:subfield></marc:datafield><marc:datafield tag="042" ind1=" " ind2=" "><marc:subfield code="a">pcc</marc:subfield></marc:datafield><marc:datafield tag="050" ind1=" " ind2="4"><marc:subfield code="a">BR65.A65</marc:subfield><marc:subfield code="b">Z34 2023</marc:subfield></marc:datafield><marc:datafield tag="100" ind1="1" ind2=" "><marc:subfield code="a">Zager, Raphael,</marc:subfield><marc:subfield code="d">1991-</marc:subfield><marc:subfield code="0">(viaf)2778156497246317740008</marc:subfield></marc:datafield><marc:datafield tag="245" ind1="1" ind2="4"><marc:subfield code="a">Das Geschichtsdenken Augustins :</marc:subfield><marc:subfield code="b">zur Rezeption des Alten Testaments in &quot;De ciuitate dei XV-XVIII&quot; /</marc:subfield><marc:subfield code="c">Raphael Zager.</marc:subfield></marc:datafield><marc:datafield tag="260" ind1=" " ind2="1"><marc:subfield code="a">Tübingen :</marc:subfield><marc:subfield code="b">Mohr Siebeck,</marc:subfield><marc:subfield code="c">2023.</marc:subfield></marc:datafield><marc:datafield tag="300" ind1=" " ind2=" "><marc:subfield code="a">XVI, 599 p.</marc:subfield></marc:datafield><marc:datafield tag="490" ind1="0" ind2=" "><marc:subfield code="a">Beiträge zur historischen Theologie ;</marc:subfield><marc:subfield code="x">0340-6741</marc:subfield><marc:subfield code="v">204</marc:subfield></marc:datafield><marc:datafield tag="504" ind1=" " ind2=" "><marc:subfield code="a">Includes bibliographical references (pages 521-560) and index.</marc:subfield></marc:datafield><marc:datafield tag="520" ind1=" " ind2=" "><marc:subfield code="a">&quot;Augustin zeichnet in den Büchern XV-XVIII seines Werkes De ciuitate dei die Geschichte der Menschheit nach. Dabei sind es vor allem Erzählungen und Motive aus dem Alten Testament, die Augustin als Grundlage seiner Geschichtsdarstellung dienen. Innerhalb seiner Auslegungen der betreffenden biblischen Texte wird nicht nur Augustins spezifische Schrifthermeneutik deutlich, sondern es kommen auch zentrale Themen seiner Theologie zur Sprache. Raphael Zager untersucht die Rezeption des Alten Testaments, ordnet sie in ihre theologiegeschichtlichen Kontexte ein und entwickelt auf dieser Grundlage neue Antworten auf Fragen, die die Forschung zum Geschichtsdenken Augustins immer wieder beschäftigt haben. Dies betrifft etwa Augustins Bewertung des Tun-Ergehen-Zusammenhangs, seine Haltung gegenüber dem Gedanken eines Fortschritts in der Geschichte oder auch sein Verhältnis zum Judentum.&quot;</marc:subfield><marc:subfield code="c">--Provided by publisher.</marc:subfield></marc:datafield><marc:datafield tag="920" ind1=" " ind2=" "><marc:subfield code="a">book</marc:subfield></marc:datafield></marc:record>