<marc:record><marc:leader>00515nam a2200181 a 4500</marc:leader><marc:controlfield tag="005">20250918232115.0</marc:controlfield><marc:controlfield tag="008">250805|2025||||it |||||r|||||||| ||ita|d</marc:controlfield><marc:controlfield tag="001">990036755120409161</marc:controlfield><marc:datafield tag="020" ind1=" " ind2=" "><marc:subfield code="a">9788834354292</marc:subfield></marc:datafield><marc:datafield tag="035" ind1=" " ind2=" "><marc:subfield code="a">(RUG01)003675512</marc:subfield></marc:datafield><marc:datafield tag="040" ind1=" " ind2=" "><marc:subfield code="a">BE-GnUNI</marc:subfield></marc:datafield><marc:datafield tag="100" ind1="1" ind2=" "><marc:subfield code="a">Manguel, Alberto,</marc:subfield><marc:subfield code="d">1948-</marc:subfield><marc:subfield code="0">(viaf)9850131</marc:subfield></marc:datafield><marc:datafield tag="245" ind1="1" ind2="0"><marc:subfield code="a">Una storia della lettura.</marc:subfield></marc:datafield><marc:datafield tag="250" ind1=" " ind2=" "><marc:subfield code="a">Nuova edizione ampliata e aggiornata</marc:subfield></marc:datafield><marc:datafield tag="260" ind1=" " ind2=" "><marc:subfield code="a">Milano :</marc:subfield><marc:subfield code="b">Vita e pensiero,</marc:subfield><marc:subfield code="c">2025.</marc:subfield></marc:datafield><marc:datafield tag="300" ind1=" " ind2=" "><marc:subfield code="a">370 p.: ill.</marc:subfield></marc:datafield><marc:datafield tag="490" ind1="0" ind2=" "><marc:subfield code="a">Cultura e storia</marc:subfield><marc:subfield code="v">42</marc:subfield></marc:datafield><marc:datafield tag="920" ind1=" " ind2=" "><marc:subfield code="a">book</marc:subfield></marc:datafield></marc:record>