<marc:record><marc:leader>01351cam a2200361 c 4500</marc:leader><marc:controlfield tag="005">20250918232110.0</marc:controlfield><marc:controlfield tag="008">960228s1994    ne |||||r    |00| ||dut|c</marc:controlfield><marc:controlfield tag="001">990036755110409161</marc:controlfield><marc:datafield tag="010" ind1=" " ind2=" "><marc:subfield code="a">96100688</marc:subfield></marc:datafield><marc:datafield tag="020" ind1=" " ind2=" "><marc:subfield code="a">9061717795</marc:subfield><marc:subfield code="q">9061717795</marc:subfield></marc:datafield><marc:datafield tag="035" ind1=" " ind2=" "><marc:subfield code="a">(RUG01)003675511</marc:subfield></marc:datafield><marc:datafield tag="035" ind1=" " ind2=" "><marc:subfield code="a">(DE-627)193427095</marc:subfield></marc:datafield><marc:datafield tag="035" ind1=" " ind2=" "><marc:subfield code="a">(DE-599)GBV193427095</marc:subfield></marc:datafield><marc:datafield tag="035" ind1=" " ind2=" "><marc:subfield code="a">(OCoLC)832507888</marc:subfield></marc:datafield><marc:datafield tag="040" ind1=" " ind2=" "><marc:subfield code="a">DE-627</marc:subfield><marc:subfield code="b">ger</marc:subfield><marc:subfield code="c">DE-627</marc:subfield><marc:subfield code="e">rakwb</marc:subfield></marc:datafield><marc:datafield tag="041" ind1=" " ind2=" "><marc:subfield code="a">dut</marc:subfield></marc:datafield><marc:datafield tag="044" ind1=" " ind2=" "><marc:subfield code="c">XA-NL</marc:subfield></marc:datafield><marc:datafield tag="050" ind1=" " ind2="0"><marc:subfield code="a">DJ401.F64</marc:subfield></marc:datafield><marc:datafield tag="084" ind1=" " ind2=" "><marc:subfield code="a">15.63</marc:subfield><marc:subfield code="2">bkl</marc:subfield></marc:datafield><marc:datafield tag="245" ind1="0" ind2="0"><marc:subfield code="a">Zorgen voor zekerheid :</marc:subfield><marc:subfield code="b">studies over Frise testamenten in de vijftiende en zestiende eeuw /</marc:subfield><marc:subfield code="c">onder red. van J. A. Mol.</marc:subfield></marc:datafield><marc:datafield tag="260" ind1=" " ind2=" "><marc:subfield code="a">Leeuwarden :</marc:subfield><marc:subfield code="b">Fryske akademy,</marc:subfield><marc:subfield code="c">1994.</marc:subfield></marc:datafield><marc:datafield tag="264" ind1=" " ind2="1"><marc:subfield code="a">Leeuwarden :</marc:subfield><marc:subfield code="b">Fryske Akademy [etc.],</marc:subfield><marc:subfield code="c">1994.</marc:subfield></marc:datafield><marc:datafield tag="300" ind1=" " ind2=" "><marc:subfield code="a">294 p. :</marc:subfield><marc:subfield code="b">ill., maps.</marc:subfield></marc:datafield><marc:datafield tag="490" ind1="0" ind2=" "><marc:subfield code="a">Fryske Akademy</marc:subfield><marc:subfield code="v">779</marc:subfield></marc:datafield><marc:datafield tag="500" ind1=" " ind2=" "><marc:subfield code="3">LWBIB.L0</marc:subfield><marc:subfield code="a">Met ex libris van Hilde Symoens</marc:subfield></marc:datafield><marc:datafield tag="500" ind1=" " ind2=" "><marc:subfield code="a">Includes bibliographical references and index</marc:subfield></marc:datafield><marc:datafield tag="541" ind1=" " ind2=" "><marc:subfield code="3">LWBIB.L0</marc:subfield><marc:subfield code="c">Schenking</marc:subfield><marc:subfield code="a">De Ridder-Symoens, Hilde</marc:subfield><marc:subfield code="d">16/03/2023</marc:subfield></marc:datafield><marc:datafield tag="650" ind1=" " ind2="0"><marc:subfield code="a">Wills</marc:subfield><marc:subfield code="x">History</marc:subfield><marc:subfield code="z">Netherlands</marc:subfield><marc:subfield code="z">Friesland</marc:subfield></marc:datafield><marc:datafield tag="700" ind1="1" ind2=" "><marc:subfield code="a">Mol, Johannes A.,</marc:subfield><marc:subfield code="d">1954-</marc:subfield><marc:subfield code="0">(viaf)100520225</marc:subfield></marc:datafield><marc:datafield tag="810" ind1="2" ind2=" "><marc:subfield code="a">Fryske Akademy</marc:subfield><marc:subfield code="t">Fryske Akademy</marc:subfield><marc:subfield code="v">779</marc:subfield><marc:subfield code="w">(DE-627)165784814</marc:subfield><marc:subfield code="w">(DE-576)437584240</marc:subfield><marc:subfield code="w">(DE-600)15944-X</marc:subfield></marc:datafield><marc:datafield tag="883" ind1=" " ind2=" "><marc:subfield code="8">1\p</marc:subfield><marc:subfield code="a">cgwrk</marc:subfield><marc:subfield code="d">20250701</marc:subfield><marc:subfield code="q">DE-101</marc:subfield><marc:subfield code="u">https://d-nb.info/provenance/plan#cgwrk</marc:subfield></marc:datafield><marc:datafield tag="920" ind1=" " ind2=" "><marc:subfield code="a">book</marc:subfield></marc:datafield><marc:datafield tag="SID" ind1=" " ind2=" "><marc:subfield code="a">Z39</marc:subfield><marc:subfield code="b">K10PLUS</marc:subfield></marc:datafield></marc:record>