<marc:record><marc:leader>00000ntm a22      a 4500</marc:leader><marc:controlfield tag="005">20250805145358.0</marc:controlfield><marc:controlfield tag="008">231222|2025||||be |||||rm||||||| ||   |d</marc:controlfield><marc:controlfield tag="001">990036755080409161</marc:controlfield><marc:datafield tag="035" ind1=" " ind2=" "><marc:subfield code="a">(BE-GnUNI)003675508</marc:subfield></marc:datafield><marc:datafield tag="035" ind1=" " ind2=" "><marc:subfield code="a">(BE-GnUNI)003675508RUG01</marc:subfield></marc:datafield><marc:datafield tag="020" ind1=" " ind2=" "><marc:subfield code="a">9789463578554</marc:subfield></marc:datafield><marc:datafield tag="040" ind1=" " ind2=" "><marc:subfield code="a">BE-GnUNI</marc:subfield></marc:datafield><marc:datafield tag="100" ind1="1" ind2=" "><marc:subfield code="a">Waweru, Beth,</marc:subfield><marc:subfield code="d">1992-</marc:subfield><marc:subfield code="0">(ugent)01700921</marc:subfield><marc:subfield code="0">(viaf)</marc:subfield></marc:datafield><marc:datafield tag="245" ind1="1" ind2="0"><marc:subfield code="a">Damage potential of plant-parasitic nematodes in finger millet and their microbial biocontrol in Kenya /</marc:subfield><marc:subfield code="c">Beth Waweru.</marc:subfield></marc:datafield><marc:datafield tag="246" ind1="2" ind2=" "><marc:subfield code="a">Schadepotentieel van plant-parasitaire nematoden in vingergierst en hun microbiële biocontrole in Kenia</marc:subfield></marc:datafield><marc:datafield tag="260" ind1=" " ind2=" "><marc:subfield code="c">2025.</marc:subfield></marc:datafield><marc:datafield tag="300" ind1=" " ind2=" "><marc:subfield code="a">Xxiii, 198 p. : Ill.</marc:subfield></marc:datafield><marc:datafield tag="502" ind1=" " ind2=" "><marc:subfield code="a">A dissertation submitted to Ghent University in fulfilment of the requirements for the degree of Doctor of Bioscience Engineering</marc:subfield></marc:datafield><marc:datafield tag="710" ind1="2" ind2=" "><marc:subfield code="a">Ghent university</marc:subfield><marc:subfield code="b">Faculty of Bioscience Engineering</marc:subfield></marc:datafield><marc:datafield tag="700" ind1="1" ind2=" "><marc:subfield code="a">Wesemael, Wim,</marc:subfield><marc:subfield code="d">1973-</marc:subfield><marc:subfield code="0">(ugent)802001263763</marc:subfield><marc:subfield code="0">(viaf)216484333</marc:subfield><marc:subfield code="e">promotor</marc:subfield></marc:datafield><marc:datafield tag="700" ind1="1" ind2=" "><marc:subfield code="a">Gheysen, Godelieve,</marc:subfield><marc:subfield code="d">1959-</marc:subfield><marc:subfield code="0">(ugent)801000521635</marc:subfield><marc:subfield code="0">(viaf)196926232</marc:subfield><marc:subfield code="e">promotor</marc:subfield></marc:datafield><marc:datafield tag="700" ind1="1" ind2=" "><marc:subfield code="a">Pili, Njira Njira,</marc:subfield><marc:subfield code="d">1983-</marc:subfield><marc:subfield code="0">(ugent)802001117051</marc:subfield><marc:subfield code="0">(viaf)</marc:subfield><marc:subfield code="e">promotor</marc:subfield></marc:datafield><marc:datafield tag="920" ind1=" " ind2=" "><marc:subfield code="a">phd</marc:subfield></marc:datafield><marc:datafield tag="922" ind1=" " ind2=" "><marc:subfield code="a">UGENT-BW</marc:subfield></marc:datafield></marc:record>