<marc:record><marc:leader>01176ntm a2200253 a 4500</marc:leader><marc:controlfield tag="005">20250917100817.0</marc:controlfield><marc:controlfield tag="008">231222|2025||||be |||||rm||||||| ||   |d</marc:controlfield><marc:controlfield tag="001">990036755060409161</marc:controlfield><marc:datafield tag="020" ind1=" " ind2=" "><marc:subfield code="a">9789463578578</marc:subfield></marc:datafield><marc:datafield tag="035" ind1=" " ind2=" "><marc:subfield code="a">(RUG01)003675506</marc:subfield></marc:datafield><marc:datafield tag="040" ind1=" " ind2=" "><marc:subfield code="a">BE-GnUNI</marc:subfield></marc:datafield><marc:datafield tag="100" ind1="1" ind2=" "><marc:subfield code="a">Djiofack, Brice Yannick,</marc:subfield><marc:subfield code="d">....-</marc:subfield><marc:subfield code="0">(ugent)</marc:subfield><marc:subfield code="0">(viaf)</marc:subfield></marc:datafield><marc:datafield tag="245" ind1="1" ind2="0"><marc:subfield code="a">Tropical forest restoration in Central Africa as nature-based solution for climate change mitigation /</marc:subfield><marc:subfield code="c">Brice Yannick Djiofack.</marc:subfield></marc:datafield><marc:datafield tag="246" ind1="2" ind2=" "><marc:subfield code="a">Herstel van tropische bossen in Centraal-Afrika als natuurgebaseerde oplossing voor de mitigatie van klimaatverandering</marc:subfield></marc:datafield><marc:datafield tag="260" ind1=" " ind2=" "><marc:subfield code="c">2025.</marc:subfield></marc:datafield><marc:datafield tag="300" ind1=" " ind2=" "><marc:subfield code="a">X, 211 p. : Ill.</marc:subfield></marc:datafield><marc:datafield tag="502" ind1=" " ind2=" "><marc:subfield code="a">Thesis submitted in fulfilment of the requirements for the degree of Doctor (Ph.D.) of Bioscience Engineering</marc:subfield></marc:datafield><marc:datafield tag="710" ind1="2" ind2=" "><marc:subfield code="a">Ghent university</marc:subfield><marc:subfield code="b">Faculty of Bioscience Engineering</marc:subfield><marc:subfield code="b">Department of Environment</marc:subfield></marc:datafield><marc:datafield tag="700" ind1="1" ind2=" "><marc:subfield code="a">Hubau, Wannes,</marc:subfield><marc:subfield code="d">1985-</marc:subfield><marc:subfield code="0">(ugent)802000454724</marc:subfield><marc:subfield code="0">(viaf)0</marc:subfield><marc:subfield code="e">promotor</marc:subfield></marc:datafield><marc:datafield tag="700" ind1="1" ind2=" "><marc:subfield code="a">Van den Bulcke, Jan,</marc:subfield><marc:subfield code="d">1977-</marc:subfield><marc:subfield code="0">(ugent)801001588736</marc:subfield><marc:subfield code="0">(viaf)0</marc:subfield><marc:subfield code="e">promotor</marc:subfield></marc:datafield><marc:datafield tag="700" ind1="1" ind2=" "><marc:subfield code="a">Beeckman, Hans,</marc:subfield><marc:subfield code="d">1959-</marc:subfield><marc:subfield code="0">(viaf)7131880</marc:subfield><marc:subfield code="e">promotor</marc:subfield></marc:datafield><marc:datafield tag="700" ind1="1" ind2=" "><marc:subfield code="a">Bourland, Nils,</marc:subfield><marc:subfield code="d">....-</marc:subfield><marc:subfield code="0">(viaf)</marc:subfield><marc:subfield code="e">promotor</marc:subfield></marc:datafield><marc:datafield tag="920" ind1=" " ind2=" "><marc:subfield code="a">phd</marc:subfield></marc:datafield><marc:datafield tag="922" ind1=" " ind2=" "><marc:subfield code="a">UGENT-BW</marc:subfield></marc:datafield></marc:record>