<marc:record><marc:leader>00926nam a2200229 a 4500</marc:leader><marc:controlfield tag="005">20250917111824.0</marc:controlfield><marc:controlfield tag="008">250805|2024||||be |||||rm||||||| ||eng|d</marc:controlfield><marc:controlfield tag="001">990036755050409161</marc:controlfield><marc:datafield tag="020" ind1=" " ind2=" "><marc:subfield code="a">9789463558662</marc:subfield></marc:datafield><marc:datafield tag="035" ind1=" " ind2=" "><marc:subfield code="a">(RUG01)003675505</marc:subfield></marc:datafield><marc:datafield tag="040" ind1=" " ind2=" "><marc:subfield code="a">BE-GnUNI</marc:subfield></marc:datafield><marc:datafield tag="041" ind1=" " ind2=" "><marc:subfield code="a">eng</marc:subfield><marc:subfield code="b">dut</marc:subfield><marc:subfield code="b">eng</marc:subfield></marc:datafield><marc:datafield tag="100" ind1="1" ind2=" "><marc:subfield code="a">Laveyne, Joannes,</marc:subfield><marc:subfield code="d">....-</marc:subfield><marc:subfield code="0">(viaf)</marc:subfield></marc:datafield><marc:datafield tag="245" ind1="1" ind2="0"><marc:subfield code="a">Potential sources of flexibility for the Belgian electricity system /</marc:subfield><marc:subfield code="c">Joannes Laveyne.</marc:subfield></marc:datafield><marc:datafield tag="260" ind1=" " ind2=" "><marc:subfield code="a">Ghent :</marc:subfield><marc:subfield code="b">Ghent University,</marc:subfield><marc:subfield code="c">2024.</marc:subfield></marc:datafield><marc:datafield tag="300" ind1=" " ind2=" "><marc:subfield code="a">Var. pag. : ill.</marc:subfield></marc:datafield><marc:datafield tag="502" ind1=" " ind2=" "><marc:subfield code="a">Doctoral dissertation submitted to obtain the adademic degree of Doctor of Electromechanical Engineering</marc:subfield></marc:datafield><marc:datafield tag="518" ind1=" " ind2=" "><marc:subfield code="o">Verdediging</marc:subfield><marc:subfield code="d">2024-08-19</marc:subfield><marc:subfield code="p">Gent</marc:subfield></marc:datafield><marc:datafield tag="700" ind1="1" ind2=" "><marc:subfield code="a">Vandevelde, Lieven,</marc:subfield><marc:subfield code="d">1968-</marc:subfield><marc:subfield code="0">(ugent)801000881343</marc:subfield><marc:subfield code="0">(viaf)</marc:subfield><marc:subfield code="e">promotor</marc:subfield></marc:datafield><marc:datafield tag="710" ind1="2" ind2=" "><marc:subfield code="a">Ghent University</marc:subfield><marc:subfield code="b">Faculty of Engineering and Architecture</marc:subfield><marc:subfield code="b">Department of Electromechanical, Systems, and Metal Engineering</marc:subfield></marc:datafield><marc:datafield tag="920" ind1=" " ind2=" "><marc:subfield code="a">phd</marc:subfield></marc:datafield><marc:datafield tag="922" ind1=" " ind2=" "><marc:subfield code="a">UGENT-EA</marc:subfield></marc:datafield></marc:record>