<marc:record><marc:leader>00786nam a2200205 a 4500</marc:leader><marc:controlfield tag="005">20251001142737.0</marc:controlfield><marc:controlfield tag="008">250805|1988||||xx |||||r|||||||| ||dut|d</marc:controlfield><marc:controlfield tag="001">990036755040409161</marc:controlfield><marc:datafield tag="035" ind1=" " ind2=" "><marc:subfield code="a">(RUG01)003675504</marc:subfield></marc:datafield><marc:datafield tag="040" ind1=" " ind2=" "><marc:subfield code="a">BE-GnUNI</marc:subfield></marc:datafield><marc:datafield tag="100" ind1="1" ind2=" "><marc:subfield code="a">De Potter, Frans,</marc:subfield><marc:subfield code="d">1834-1904</marc:subfield><marc:subfield code="0">(viaf)42766892</marc:subfield></marc:datafield><marc:datafield tag="245" ind1="1" ind2="0"><marc:subfield code="a">Geschiedenis der stad St.-Nicolaas /</marc:subfield><marc:subfield code="c">door Frans de Potter en Jan Broeckaert.</marc:subfield></marc:datafield><marc:datafield tag="250" ind1=" " ind2=" "><marc:subfield code="a">Facs. uitgave:</marc:subfield></marc:datafield><marc:datafield tag="260" ind1=" " ind2=" "><marc:subfield code="a">Roeselare :</marc:subfield><marc:subfield code="b">Familia et Patria,</marc:subfield><marc:subfield code="c">1988.</marc:subfield></marc:datafield><marc:datafield tag="300" ind1=" " ind2=" "><marc:subfield code="a">449 p.</marc:subfield></marc:datafield><marc:datafield tag="490" ind1="0" ind2=" "><marc:subfield code="a">Geschiedenis van de gemeenten der provincie Oost-Vlaanderen. Reeks</marc:subfield><marc:subfield code="v">7</marc:subfield></marc:datafield><marc:datafield tag="500" ind1=" " ind2=" "><marc:subfield code="a">Heruitg. deel 2: orig. uitg. C. Annoot-Braeckman, 1881-1882</marc:subfield></marc:datafield><marc:datafield tag="541" ind1=" " ind2=" "><marc:subfield code="a">De Ridder-Symoens, Hilde</marc:subfield><marc:subfield code="c">Schenking</marc:subfield><marc:subfield code="d">16/03/2023</marc:subfield><marc:subfield code="3">LWDEP.SCHENK.0834</marc:subfield></marc:datafield><marc:datafield tag="700" ind1="1" ind2=" "><marc:subfield code="a">Broeckaert, Jan,</marc:subfield><marc:subfield code="d">1837-1911</marc:subfield><marc:subfield code="0">(viaf)3271643</marc:subfield></marc:datafield><marc:datafield tag="920" ind1=" " ind2=" "><marc:subfield code="a">book</marc:subfield></marc:datafield></marc:record>