<marc:record><marc:leader>01674cam a22003015i 4500</marc:leader><marc:controlfield tag="005">20250930124613.0</marc:controlfield><marc:controlfield tag="008">240813s2024    gau    |r    |000 ||mul||</marc:controlfield><marc:controlfield tag="001">990036755020409161</marc:controlfield><marc:datafield tag="SID" ind1=" " ind2=" "><marc:subfield code="a">Z39</marc:subfield><marc:subfield code="b">LOC</marc:subfield></marc:datafield><marc:datafield tag="010" ind1=" " ind2=" "><marc:subfield code="a">2024944359</marc:subfield></marc:datafield><marc:datafield tag="020" ind1=" " ind2=" "><marc:subfield code="a">9781628373394</marc:subfield><marc:subfield code="q">pbk</marc:subfield></marc:datafield><marc:datafield tag="035" ind1=" " ind2=" "><marc:subfield code="a">(RUG01)003675502</marc:subfield></marc:datafield><marc:datafield tag="035" ind1=" " ind2=" "><marc:subfield code="a">23823945</marc:subfield></marc:datafield><marc:datafield tag="040" ind1=" " ind2=" "><marc:subfield code="a">DLC</marc:subfield><marc:subfield code="b">eng</marc:subfield><marc:subfield code="c">DLC</marc:subfield><marc:subfield code="e">rda</marc:subfield></marc:datafield><marc:datafield tag="041" ind1=" " ind2=" "><marc:subfield code="a">eng</marc:subfield><marc:subfield code="a">syc</marc:subfield><marc:subfield code="h">syc</marc:subfield></marc:datafield><marc:datafield tag="042" ind1=" " ind2=" "><marc:subfield code="a">pcc</marc:subfield></marc:datafield><marc:datafield tag="050" ind1=" " ind2=" "><marc:subfield code="a">BR65.I6492</marc:subfield><marc:subfield code="b">S97 2024</marc:subfield></marc:datafield><marc:datafield tag="100" ind1="1" ind2=" "><marc:subfield code="a">Isaac Antiochenus</marc:subfield><marc:subfield code="d">....-</marc:subfield><marc:subfield code="0">(viaf)165892364</marc:subfield></marc:datafield><marc:datafield tag="245" ind1="1" ind2="0"><marc:subfield code="a">Isaac of Antioch :</marc:subfield><marc:subfield code="b">homilies on moral and monastic reform /</marc:subfield><marc:subfield code="c">introduction, text, and translation by Adam H. Becker.</marc:subfield></marc:datafield><marc:datafield tag="264" ind1=" " ind2="1"><marc:subfield code="a">Atlanta (Ga.) :</marc:subfield><marc:subfield code="b">SBL press,</marc:subfield><marc:subfield code="c">2024.</marc:subfield></marc:datafield><marc:datafield tag="300" ind1=" " ind2=" "><marc:subfield code="a">XX, 843 p.</marc:subfield></marc:datafield><marc:datafield tag="490" ind1="0" ind2=" "><marc:subfield code="a">Writings from the greco-roman world ;</marc:subfield><marc:subfield code="v">49</marc:subfield></marc:datafield><marc:datafield tag="520" ind1=" " ind2=" "><marc:subfield code="a">&quot;This critical edition and annotated translation of metrical homilies attributed to Isaac of Antioch includes twenty texts, the majority of which are examples of the Syriac rebuke genre. The introduction provides the first detailed study of the manuscript tradition of the entire corpus, identifies four different Isaacs whose writings were intermingled in late antiquity, and develops criteria for distinguishing among their works. Scholars and students of church history will find this a valuable resource for the study of late fifth-century CE Syriac poetry and homiletics, Christian ideas of moral reform, and late antique monastic and lay devotional culture&quot;--</marc:subfield><marc:subfield code="c">Provided by publisher.</marc:subfield></marc:datafield><marc:datafield tag="546" ind1=" " ind2=" "><marc:subfield code="a">Tekst in Syrisch met inleiding, vertaling en commentaar in het Engels</marc:subfield></marc:datafield><marc:datafield tag="650" ind1=" " ind2="0"><marc:subfield code="a">Sermons, Syriac</marc:subfield></marc:datafield><marc:datafield tag="650" ind1=" " ind2="0"><marc:subfield code="a">Sermons, Early Christian</marc:subfield></marc:datafield><marc:datafield tag="700" ind1="1" ind2=" "><marc:subfield code="a">Becker, Adam H.,</marc:subfield><marc:subfield code="d">1972-</marc:subfield><marc:subfield code="0">(viaf)47082337</marc:subfield></marc:datafield><marc:datafield tag="920" ind1=" " ind2=" "><marc:subfield code="a">book</marc:subfield></marc:datafield></marc:record>