<marc:record><marc:leader>01886cam a22003138i 4500</marc:leader><marc:controlfield tag="005">20250923123153.0</marc:controlfield><marc:controlfield tag="008">250626s2025    ne     |rb   |001 ||eng||</marc:controlfield><marc:controlfield tag="001">990036754980409161</marc:controlfield><marc:datafield tag="SID" ind1=" " ind2=" "><marc:subfield code="a">Z39</marc:subfield><marc:subfield code="b">LOC</marc:subfield></marc:datafield><marc:datafield tag="010" ind1=" " ind2=" "><marc:subfield code="a">2025017111</marc:subfield></marc:datafield><marc:datafield tag="020" ind1=" " ind2=" "><marc:subfield code="a">9789004731820</marc:subfield><marc:subfield code="q">hbk</marc:subfield></marc:datafield><marc:datafield tag="035" ind1=" " ind2=" "><marc:subfield code="a">(RUG01)003675498</marc:subfield></marc:datafield><marc:datafield tag="035" ind1=" " ind2=" "><marc:subfield code="a">24263152</marc:subfield></marc:datafield><marc:datafield tag="035" ind1=" " ind2=" "><marc:subfield code="a">(DLC)24263152</marc:subfield></marc:datafield><marc:datafield tag="040" ind1=" " ind2=" "><marc:subfield code="a">DLC</marc:subfield><marc:subfield code="b">eng</marc:subfield><marc:subfield code="c">DLC</marc:subfield><marc:subfield code="d">DLC-MRC</marc:subfield><marc:subfield code="e">rda</marc:subfield></marc:datafield><marc:datafield tag="042" ind1=" " ind2=" "><marc:subfield code="a">pcc</marc:subfield></marc:datafield><marc:datafield tag="050" ind1="0" ind2="0"><marc:subfield code="a">PA5110</marc:subfield><marc:subfield code="b">.S78 2025</marc:subfield></marc:datafield><marc:datafield tag="082" ind1="0" ind2="0"><marc:subfield code="a">880.09</marc:subfield><marc:subfield code="2">23/eng/20250626</marc:subfield></marc:datafield><marc:datafield tag="245" ind1="0" ind2="0"><marc:subfield code="a">Studies in Byzantine epitomes and the Greek epitomizing tradition /</marc:subfield><marc:subfield code="c">edited by C.T. Mallan.</marc:subfield></marc:datafield><marc:datafield tag="260" ind1=" " ind2=" "><marc:subfield code="a">Leiden ; :</marc:subfield><marc:subfield code="b">Brill,</marc:subfield><marc:subfield code="c">2025.</marc:subfield></marc:datafield><marc:datafield tag="300" ind1=" " ind2=" "><marc:subfield code="a">XI, 241 p.</marc:subfield></marc:datafield><marc:datafield tag="490" ind1="0" ind2=" "><marc:subfield code="a">Mnemosyne supplements,</marc:subfield><marc:subfield code="v">493</marc:subfield><marc:subfield code="x">2214-5621 ;</marc:subfield></marc:datafield><marc:datafield tag="504" ind1=" " ind2=" "><marc:subfield code="a">Includes bibliographical references and index.</marc:subfield></marc:datafield><marc:datafield tag="520" ind1=" " ind2=" "><marc:subfield code="a">&quot;Epitomes, or abridged books, were a constant feature of Byzantine intellectual life and book culture. From epitomes of Greek and Roman historians to medical texts to condensed works of law, epitomes provided professionals and intellectuals with convenient sources of information-or erudition-that met the needs of their post-antique world. This volume, the first to be devoted to Byzantine epitomes, traces the development of the Byzantine epitomizing tradition from antiquity to the fall of Constantinople, while also analysing several key examples in depth. Across eight case-studies, Byzantine epitomes emerge as often surprising products of times of intense intellectual activity&quot;-- Provided by publisher.</marc:subfield></marc:datafield><marc:datafield tag="650" ind1=" " ind2="0"><marc:subfield code="a">Byzantine literature</marc:subfield><marc:subfield code="x">History and criticism</marc:subfield><marc:subfield code="0">http://id.loc.gov/authorities/subjects/sh2007102285</marc:subfield></marc:datafield><marc:datafield tag="650" ind1=" " ind2="0"><marc:subfield code="a">Classical literature</marc:subfield><marc:subfield code="x">History and criticism</marc:subfield><marc:subfield code="0">http://id.loc.gov/authorities/subjects/sh2008100686</marc:subfield></marc:datafield><marc:datafield tag="650" ind1=" " ind2="0"><marc:subfield code="a">Condensed books</marc:subfield><marc:subfield code="0">http://id.loc.gov/authorities/subjects/sh85015757</marc:subfield></marc:datafield><marc:datafield tag="700" ind1="1" ind2=" "><marc:subfield code="a">Mallan, Christopher Thomas,</marc:subfield><marc:subfield code="d">1986-</marc:subfield><marc:subfield code="0">(viaf)127146461601227731886</marc:subfield></marc:datafield><marc:datafield tag="920" ind1=" " ind2=" "><marc:subfield code="a">book</marc:subfield></marc:datafield></marc:record>