<marc:record><marc:leader>01180nam a2200265u  4500</marc:leader><marc:controlfield tag="005">20250918232110.0</marc:controlfield><marc:controlfield tag="008">911209s1990    ne |||||r|   |000 ||dut|c</marc:controlfield><marc:controlfield tag="001">990036754960409161</marc:controlfield><marc:datafield tag="020" ind1=" " ind2=" "><marc:subfield code="a">9060116763</marc:subfield></marc:datafield><marc:datafield tag="035" ind1=" " ind2=" "><marc:subfield code="a">(RUG01)003675496</marc:subfield></marc:datafield><marc:datafield tag="035" ind1=" " ind2=" "><marc:subfield code="a">(BeLVLBS)001290956LBS01-Aleph</marc:subfield></marc:datafield><marc:datafield tag="035" ind1=" " ind2=" "><marc:subfield code="a">(origID)4001898</marc:subfield></marc:datafield><marc:datafield tag="040" ind1=" " ind2=" "><marc:subfield code="a">BeLVLBS</marc:subfield><marc:subfield code="b">Language of cataloging varies</marc:subfield><marc:subfield code="e">rda based</marc:subfield></marc:datafield><marc:datafield tag="245" ind1="0" ind2="0"><marc:subfield code="a">Middeleeuwse rechtsbronnen van stad en heerlijkheid Breda :</marc:subfield><marc:subfield code="b">3. Rechtsbronnen 1477 tot 1504 /</marc:subfield><marc:subfield code="c">uitgeg. door F. F. X. Cerutti en F. A. Brekelmans.</marc:subfield></marc:datafield><marc:datafield tag="260" ind1=" " ind2=" "><marc:subfield code="a">Zutphen :</marc:subfield><marc:subfield code="b">Walburg pers,</marc:subfield><marc:subfield code="c">1990.</marc:subfield></marc:datafield><marc:datafield tag="264" ind1=" " ind2="1"><marc:subfield code="a">Zutphen :</marc:subfield><marc:subfield code="b">Walburg pers,</marc:subfield><marc:subfield code="c">1990.</marc:subfield></marc:datafield><marc:datafield tag="300" ind1=" " ind2=" "><marc:subfield code="a">VIII, 328 p.</marc:subfield></marc:datafield><marc:datafield tag="490" ind1="0" ind2=" "><marc:subfield code="a">Werken der Stichting tot uitgaaf der bronnen van het oud-vaderlandse recht</marc:subfield><marc:subfield code="v">20</marc:subfield></marc:datafield><marc:datafield tag="500" ind1=" " ind2=" "><marc:subfield code="a">Oud-Vaderlandsche rechtsbronnen</marc:subfield></marc:datafield><marc:datafield tag="505" ind1="2" ind2=" "><marc:subfield code="a">Deel III : Rechtsbronnen 1477 tot 1504 ; supplement op delen I en II, indices.</marc:subfield></marc:datafield><marc:datafield tag="541" ind1=" " ind2=" "><marc:subfield code="3">LWBIB.L0</marc:subfield><marc:subfield code="c">Schenking</marc:subfield><marc:subfield code="a">De Ridder-Symoens, Hilde</marc:subfield><marc:subfield code="d">16/03/2023</marc:subfield></marc:datafield><marc:datafield tag="700" ind1="1" ind2=" "><marc:subfield code="a">Cerutti, F. F. X.</marc:subfield><marc:subfield code="q">(Felix Franciscus Xaverius),</marc:subfield><marc:subfield code="d">1915-1970</marc:subfield><marc:subfield code="0">(viaf)219210354</marc:subfield></marc:datafield><marc:datafield tag="700" ind1="1" ind2=" "><marc:subfield code="a">Brekelmans, F.A.</marc:subfield><marc:subfield code="q">(Franciscus Antonius),</marc:subfield><marc:subfield code="d">1917-2012</marc:subfield><marc:subfield code="0">(viaf)43145656</marc:subfield></marc:datafield><marc:datafield tag="920" ind1=" " ind2=" "><marc:subfield code="a">book</marc:subfield></marc:datafield><marc:datafield tag="SID" ind1=" " ind2=" "><marc:subfield code="a">Z39</marc:subfield><marc:subfield code="b">32KUL_LIBIS_NETWORK</marc:subfield></marc:datafield></marc:record>