<marc:record><marc:leader>01100ntm a2200229 a 4500</marc:leader><marc:controlfield tag="005">20250917100817.0</marc:controlfield><marc:controlfield tag="008">231222|2025||||be |||||rm||||||| ||   |d</marc:controlfield><marc:controlfield tag="001">990036754920409161</marc:controlfield><marc:datafield tag="020" ind1=" " ind2=" "><marc:subfield code="a">9789463578707</marc:subfield></marc:datafield><marc:datafield tag="035" ind1=" " ind2=" "><marc:subfield code="a">(RUG01)003675492</marc:subfield></marc:datafield><marc:datafield tag="040" ind1=" " ind2=" "><marc:subfield code="a">BE-GnUNI</marc:subfield></marc:datafield><marc:datafield tag="100" ind1="1" ind2=" "><marc:subfield code="a">Ren, Jingya,</marc:subfield><marc:subfield code="d">....-</marc:subfield><marc:subfield code="0">(ugent)</marc:subfield><marc:subfield code="0">(viaf)</marc:subfield></marc:datafield><marc:datafield tag="245" ind1="1" ind2="0"><marc:subfield code="a">Development of novel porous composite materials for selective removal of arsenic and selenium from industrial wastewater /</marc:subfield><marc:subfield code="c">Jingya Ren.</marc:subfield></marc:datafield><marc:datafield tag="246" ind1="2" ind2=" "><marc:subfield code="a">Ontwikkeling van nieuwe poreuze composietmaterialen voor selectieve verwijdering van arseen en seleen uit industrieel afvalwater</marc:subfield></marc:datafield><marc:datafield tag="260" ind1=" " ind2=" "><marc:subfield code="c">2025.</marc:subfield></marc:datafield><marc:datafield tag="300" ind1=" " ind2=" "><marc:subfield code="a">Xi, 196 p. : Ill.</marc:subfield></marc:datafield><marc:datafield tag="502" ind1=" " ind2=" "><marc:subfield code="a">Thesis submitted in fulfillment of the requirements for the degree of Doctor in Bioscience Engineering, Ghent University</marc:subfield></marc:datafield><marc:datafield tag="710" ind1="2" ind2=" "><marc:subfield code="a">Ghent university</marc:subfield><marc:subfield code="b">Faculty of Bioscience Engineering</marc:subfield><marc:subfield code="b">Department of Green Chemistry and Technology</marc:subfield></marc:datafield><marc:datafield tag="700" ind1="1" ind2=" "><marc:subfield code="a">Du Laing, Gijs,</marc:subfield><marc:subfield code="d">1977-</marc:subfield><marc:subfield code="0">(ugent)801001479511</marc:subfield><marc:subfield code="0">(viaf)196743994</marc:subfield><marc:subfield code="e">promotor</marc:subfield></marc:datafield><marc:datafield tag="700" ind1="1" ind2=" "><marc:subfield code="a">Tack, Filip,</marc:subfield><marc:subfield code="d">1963-</marc:subfield><marc:subfield code="0">(ugent)801000663701</marc:subfield><marc:subfield code="0">(viaf)192027940</marc:subfield><marc:subfield code="e">promotor</marc:subfield></marc:datafield><marc:datafield tag="920" ind1=" " ind2=" "><marc:subfield code="a">phd</marc:subfield></marc:datafield><marc:datafield tag="922" ind1=" " ind2=" "><marc:subfield code="a">UGENT-BW</marc:subfield></marc:datafield></marc:record>