<marc:record><marc:leader>01160ntm a2200253 a 4500</marc:leader><marc:controlfield tag="005">20250918120634.0</marc:controlfield><marc:controlfield tag="008">250805q16251675ne |||||#|||||||| ||dut|d</marc:controlfield><marc:controlfield tag="001">990036754900409161</marc:controlfield><marc:datafield tag="035" ind1=" " ind2=" "><marc:subfield code="a">(RUG01)003675490</marc:subfield></marc:datafield><marc:datafield tag="040" ind1=" " ind2=" "><marc:subfield code="a">BE-GnUNI</marc:subfield></marc:datafield><marc:datafield tag="240" ind1="1" ind2="0"><marc:subfield code="a">Reinaert</marc:subfield></marc:datafield><marc:datafield tag="245" ind1="0" ind2="0"><marc:subfield code="a">Den grooten ende nieuvwen Reinaert de Voss.</marc:subfield></marc:datafield><marc:datafield tag="246" ind1="2" ind2=" "><marc:subfield code="a">Den grooten ende nieuwen Reinart de Voss</marc:subfield></marc:datafield><marc:datafield tag="260" ind1=" " ind2=" "><marc:subfield code="a">Nederland,</marc:subfield><marc:subfield code="c">midden 17e eeuw.</marc:subfield></marc:datafield><marc:datafield tag="300" ind1=" " ind2=" "><marc:subfield code="a">284 bl.</marc:subfield></marc:datafield><marc:datafield tag="340" ind1=" " ind2=" "><marc:subfield code="a">Papier</marc:subfield></marc:datafield><marc:datafield tag="500" ind1=" " ind2=" "><marc:subfield code="a">Het werd gekocht te Arnhem, in 1910, op de boekenveiling van de antiquaar S. Gouda Quint.</marc:subfield></marc:datafield><marc:datafield tag="561" ind1=" " ind2=" "><marc:subfield code="3">BHSL.HS.4961</marc:subfield><marc:subfield code="a">Herkomst: Koninklijke Academie voor Nederlandse Taal- en Letterkunde 20/03/2024.</marc:subfield></marc:datafield><marc:datafield tag="563" ind1=" " ind2=" "><marc:subfield code="3">BHSL.HS.4961</marc:subfield><marc:subfield code="a">Perkamentenband</marc:subfield></marc:datafield><marc:datafield tag="581" ind1=" " ind2=" "><marc:subfield code="a">Teirlinck, I., Den grooten ende nievwen Reinart de voss, een nieuw handschriftelijk Reinaert-document, Gent, 1926-1930,</marc:subfield></marc:datafield><marc:datafield tag="581" ind1=" " ind2=" "><marc:subfield code="a">Teirlinck, I., Den grooten ende nievwen Reinart de voss, een nieuw handschriftelijk Reinaert-document, Verslagen en mededelingen van de Koninklijke Vlaamse Academie voor Taal- en Letterkunde (1919), p. 397-420.</marc:subfield></marc:datafield><marc:datafield tag="591" ind1=" " ind2=" "><marc:subfield code="a">Bijzondere collecties</marc:subfield></marc:datafield><marc:datafield tag="655" ind1=" " ind2="7"><marc:subfield code="a">Manuscripts.</marc:subfield><marc:subfield code="2">UGENTSC</marc:subfield></marc:datafield><marc:datafield tag="920" ind1=" " ind2=" "><marc:subfield code="a">manuscript</marc:subfield></marc:datafield></marc:record>