<marc:record><marc:leader>01265ntm a2200265 a 4500</marc:leader><marc:controlfield tag="005">20251014133453.0</marc:controlfield><marc:controlfield tag="008">250805q14011480be ||||| |||||||| ||dum|d</marc:controlfield><marc:controlfield tag="001">990036754860409161</marc:controlfield><marc:datafield tag="035" ind1=" " ind2=" "><marc:subfield code="a">(RUG01)003675486</marc:subfield></marc:datafield><marc:datafield tag="040" ind1=" " ind2=" "><marc:subfield code="a">BE-GnUNI</marc:subfield></marc:datafield><marc:datafield tag="100" ind1="1" ind2=" "><marc:subfield code="a">Van Maerlant, Jacob,</marc:subfield><marc:subfield code="d">1235?-1300</marc:subfield><marc:subfield code="0">(viaf)56624842</marc:subfield></marc:datafield><marc:datafield tag="245" ind1="1" ind2="0"><marc:subfield code="a">De eerste, de tweede en derde Martijn [Fragment].</marc:subfield></marc:datafield><marc:datafield tag="246" ind1="2" ind2=" "><marc:subfield code="a">Wapene Martijn</marc:subfield></marc:datafield><marc:datafield tag="260" ind1=" " ind2=" "><marc:subfield code="a">Nederlanden,</marc:subfield><marc:subfield code="c">1e kwart 15e eeuw.</marc:subfield></marc:datafield><marc:datafield tag="300" ind1=" " ind2=" "><marc:subfield code="a">4 f.</marc:subfield></marc:datafield><marc:datafield tag="340" ind1=" " ind2=" "><marc:subfield code="a">Perkament</marc:subfield></marc:datafield><marc:datafield tag="500" ind1=" " ind2=" "><marc:subfield code="a">Alternative datering: ca. 1480 (W. De Vreese, p.565).</marc:subfield></marc:datafield><marc:datafield tag="500" ind1=" " ind2=" "><marc:subfield code="a">Het fragment werd ontdekt door Pieter Jozef Goetschalckx, pastoor te Ekeren-Donk. Goetschalckx schonk het fragment in 1905 aan de Koninklijke Academie in Gent.</marc:subfield></marc:datafield><marc:datafield tag="561" ind1=" " ind2=" "><marc:subfield code="3">BHSL.HS.4960</marc:subfield><marc:subfield code="a">Herkomst: Koninklijke Academie voor Nederlandse Taal- en Letterkunde 20/03/2024.</marc:subfield></marc:datafield><marc:datafield tag="581" ind1=" " ind2=" "><marc:subfield code="a">Gaillard, E., W. De Vreese, Een fragment van Maerlant&apos;s Wapene Martijn, Verslagen en Mededeelingen der Koninklijke Vlaamsche Academie (1905), p. 560-607.</marc:subfield></marc:datafield><marc:datafield tag="581" ind1=" " ind2=" "><marc:subfield code="a">Mertens, Th., Den anderen merten: synoptische archiefeditie van Jacob van Maerlant&apos;s tweede Martijn, Nijmegen, 1978, p. 69-76.</marc:subfield></marc:datafield><marc:datafield tag="591" ind1=" " ind2=" "><marc:subfield code="a">Bijzondere collecties</marc:subfield></marc:datafield><marc:datafield tag="591" ind1=" " ind2=" "><marc:subfield code="a">Medieval manuscripts</marc:subfield></marc:datafield><marc:datafield tag="655" ind1=" " ind2="7"><marc:subfield code="a">Manuscripts.</marc:subfield><marc:subfield code="2">UGENTSC</marc:subfield></marc:datafield><marc:datafield tag="920" ind1=" " ind2=" "><marc:subfield code="a">manuscript</marc:subfield></marc:datafield></marc:record>