<marc:record><marc:leader>01007nam a2200253u  4500</marc:leader><marc:controlfield tag="005">20250918232115.0</marc:controlfield><marc:controlfield tag="008">981012nuuuuuuuuxx |||||r|   |000 ||dut|c</marc:controlfield><marc:controlfield tag="001">990036754840409161</marc:controlfield><marc:datafield tag="020" ind1=" " ind2=" "><marc:subfield code="a">9074920039</marc:subfield></marc:datafield><marc:datafield tag="035" ind1=" " ind2=" "><marc:subfield code="a">(RUG01)003675484</marc:subfield></marc:datafield><marc:datafield tag="035" ind1=" " ind2=" "><marc:subfield code="a">(BeLVLBS)001974369LBS01-Aleph</marc:subfield></marc:datafield><marc:datafield tag="035" ind1=" " ind2=" "><marc:subfield code="a">7635334</marc:subfield></marc:datafield><marc:datafield tag="040" ind1=" " ind2=" "><marc:subfield code="a">BeLVLBS</marc:subfield><marc:subfield code="b">Language of cataloging varies</marc:subfield><marc:subfield code="e">rda based</marc:subfield></marc:datafield><marc:datafield tag="245" ind1="0" ind2="0"><marc:subfield code="a">Album advocatorum :</marc:subfield><marc:subfield code="b">de advocaten van het Hof van Holland 1560 - 1811 /</marc:subfield><marc:subfield code="c">R. Huijbrecht, S. Scheffers, I. Scheffers-Hofman.</marc:subfield></marc:datafield><marc:datafield tag="260" ind1=" " ind2=" "><marc:subfield code="a">Den Haag :</marc:subfield><marc:subfield code="b">Algemeen rijksarchief,</marc:subfield><marc:subfield code="c">n.d.</marc:subfield></marc:datafield><marc:datafield tag="264" ind1=" " ind2="1"><marc:subfield code="a">&apos;s-Gravenhage :</marc:subfield><marc:subfield code="b">Algemeen rijksarchief,</marc:subfield><marc:subfield code="c">s.d.</marc:subfield></marc:datafield><marc:datafield tag="300" ind1=" " ind2=" "><marc:subfield code="a">VII, 453 p.</marc:subfield></marc:datafield><marc:datafield tag="490" ind1="0" ind2=" "><marc:subfield code="a">Nederland. Algemeen rijksarchief publikatiereeks</marc:subfield><marc:subfield code="v">3</marc:subfield></marc:datafield><marc:datafield tag="541" ind1=" " ind2=" "><marc:subfield code="3">LWBIB.L0</marc:subfield><marc:subfield code="c">Schenking</marc:subfield><marc:subfield code="a">De Ridder-Symoens, Hilde</marc:subfield><marc:subfield code="d">16/03/2023</marc:subfield></marc:datafield><marc:datafield tag="700" ind1="1" ind2=" "><marc:subfield code="a">Huijbrecht, R.,</marc:subfield><marc:subfield code="d">....-</marc:subfield><marc:subfield code="0">(viaf)39509564</marc:subfield></marc:datafield><marc:datafield tag="700" ind1="1" ind2=" "><marc:subfield code="a">Scheffers, S.,</marc:subfield><marc:subfield code="d">....-</marc:subfield><marc:subfield code="0">(viaf)208579023</marc:subfield><marc:subfield code="4">aut</marc:subfield></marc:datafield><marc:datafield tag="700" ind1="1" ind2=" "><marc:subfield code="a">Scheffers-Hofman, J.,</marc:subfield><marc:subfield code="d">....-</marc:subfield><marc:subfield code="0">(viaf)281550083</marc:subfield><marc:subfield code="4">aut</marc:subfield></marc:datafield><marc:datafield tag="920" ind1=" " ind2=" "><marc:subfield code="a">book</marc:subfield></marc:datafield><marc:datafield tag="SID" ind1=" " ind2=" "><marc:subfield code="a">Z39</marc:subfield><marc:subfield code="b">32KUL_LIBIS_NETWORK</marc:subfield></marc:datafield></marc:record>