<marc:record><marc:leader>02947cam a2200373 c 4500</marc:leader><marc:controlfield tag="005">20250923122802.0</marc:controlfield><marc:controlfield tag="008">250512s2025    xxk|||||r    |00| ||eng|c</marc:controlfield><marc:controlfield tag="001">990036754830409161</marc:controlfield><marc:datafield tag="SID" ind1=" " ind2=" "><marc:subfield code="a">Z39</marc:subfield><marc:subfield code="b">K10PLUS</marc:subfield></marc:datafield><marc:datafield tag="020" ind1=" " ind2=" "><marc:subfield code="a">9781474475600</marc:subfield><marc:subfield code="q">hbk</marc:subfield></marc:datafield><marc:datafield tag="020" ind1=" " ind2=" "><marc:subfield code="a">1474475604</marc:subfield><marc:subfield code="q">hbk</marc:subfield></marc:datafield><marc:datafield tag="035" ind1=" " ind2=" "><marc:subfield code="a">(RUG01)003675483</marc:subfield></marc:datafield><marc:datafield tag="035" ind1=" " ind2=" "><marc:subfield code="a">(DE-627)1925312399</marc:subfield></marc:datafield><marc:datafield tag="035" ind1=" " ind2=" "><marc:subfield code="a">(DE-599)KXP1925312399</marc:subfield></marc:datafield><marc:datafield tag="040" ind1=" " ind2=" "><marc:subfield code="a">DE-627</marc:subfield><marc:subfield code="b">eng</marc:subfield><marc:subfield code="c">DE-627</marc:subfield><marc:subfield code="e">rda</marc:subfield></marc:datafield><marc:datafield tag="041" ind1=" " ind2=" "><marc:subfield code="a">eng</marc:subfield></marc:datafield><marc:datafield tag="044" ind1=" " ind2=" "><marc:subfield code="c">XA-GB</marc:subfield></marc:datafield><marc:datafield tag="050" ind1=" " ind2="0"><marc:subfield code="a">DF212.A2</marc:subfield></marc:datafield><marc:datafield tag="082" ind1="0" ind2=" "><marc:subfield code="a">938.0072022</marc:subfield><marc:subfield code="2">23</marc:subfield></marc:datafield><marc:datafield tag="084" ind1=" " ind2=" "><marc:subfield code="a">NB 5150</marc:subfield><marc:subfield code="0">(DE-625)rvk/124124:</marc:subfield><marc:subfield code="2">rvk</marc:subfield></marc:datafield><marc:datafield tag="100" ind1="1" ind2=" "><marc:subfield code="a">Hau, Lisa Irene,</marc:subfield><marc:subfield code="d">....-</marc:subfield><marc:subfield code="0">(viaf)16152329145302671408</marc:subfield></marc:datafield><marc:datafield tag="245" ind1="1" ind2="0"><marc:subfield code="a">Rethinking Hellenistic historiography :</marc:subfield><marc:subfield code="b">the immersive histories of Duris, Phylarchus and Agatharchides /</marc:subfield><marc:subfield code="c">Lisa Irene Hau.</marc:subfield></marc:datafield><marc:datafield tag="260" ind1=" " ind2=" "><marc:subfield code="a">Edinburgh :</marc:subfield><marc:subfield code="b">Edinburgh university press,</marc:subfield><marc:subfield code="c">2025.</marc:subfield></marc:datafield><marc:datafield tag="300" ind1=" " ind2=" "><marc:subfield code="a">X, 286 p.: ill.</marc:subfield></marc:datafield><marc:datafield tag="490" ind1="0" ind2=" "><marc:subfield code="a">Edinburgh studies in Hellenistic history and culture</marc:subfield></marc:datafield><marc:datafield tag="500" ind1=" " ind2=" "><marc:subfield code="a">Includes bibliographical references and index</marc:subfield></marc:datafield><marc:datafield tag="505" ind1="8" ind2=" "><marc:subfield code="a">Introduction -- Part I: The fragments of Duris, Phylarchus and Agatharchides -- 1. Duris of Samos -- 2. Phylarchus -- 3. Agatharchides of Cnidus -- Conclusion to Part I: The immersive history of Duris, Phylarchus and Agatharchides -- Part II: Immersive history in context -- 4. Immersive history: The view from ancient literary criticism -- 5. The Peripatetic connection -- 6. The cultural context: Poetry and art -- Conclusion -- Bibliography -- Index rerum et nominum -- Index locorum</marc:subfield></marc:datafield><marc:datafield tag="520" ind1=" " ind2=" "><marc:subfield code="a">&quot;This book offers a new examination of the so-called tragic historiographers Duris and Phylarchus, as well as the 2nd century BCE historiographer Agatharchides, using Polybius as a foil throughout. Lisa Irene Hau investigates the fragments and discusses the characteristics of each historical work in terms of themes, style and historiographical method. The analysis shows that these three historiographers deliberately wrote a different type of history from Ephorus and Theopompus, aiming to engage the reader sensually and emotionally in the historical narrative. Hau suggests &apos;immersive historiography&apos; as a more fitting term than &apos;tragic history&apos;, and argues that the purpose of this experiential engagement of the readers was didactic: to teach them what it had been like to live through events of the past. In the second half of the book, immersive historiography is placed in the context of ancient literary theory, Peripatetic philosophy and Hellenistic poetry and visual art. Applying the theory of immersion to ancient texts and placing these &apos;tragic&apos; historians in their contemporary cultural context provides a new and innovative way of understanding of Hellenistic historiography.&quot; --</marc:subfield></marc:datafield><marc:datafield tag="600" ind1="1" ind2="0"><marc:subfield code="a">Agatharchides</marc:subfield></marc:datafield><marc:datafield tag="600" ind1="1" ind2="0"><marc:subfield code="a">Duris</marc:subfield><marc:subfield code="c">of Samos</marc:subfield><marc:subfield code="d">approximately 340 B.C.-approximately 260 B.C</marc:subfield></marc:datafield><marc:datafield tag="600" ind1="1" ind2="0"><marc:subfield code="a">Phylarchus</marc:subfield><marc:subfield code="c">of Athens</marc:subfield><marc:subfield code="d">active 3rd century B.C</marc:subfield></marc:datafield><marc:datafield tag="650" ind1=" " ind2="0"><marc:subfield code="a">Historians</marc:subfield><marc:subfield code="z">Greece</marc:subfield></marc:datafield><marc:datafield tag="651" ind1=" " ind2="0"><marc:subfield code="a">Greece</marc:subfield><marc:subfield code="x">Historiography</marc:subfield></marc:datafield><marc:datafield tag="920" ind1=" " ind2=" "><marc:subfield code="a">book</marc:subfield></marc:datafield></marc:record>