<marc:record><marc:leader>02262cam a22003852c 4500</marc:leader><marc:controlfield tag="005">20250925083802.0</marc:controlfield><marc:controlfield tag="008">240306s2023    xx |||||r    |00| ||eng|c</marc:controlfield><marc:controlfield tag="001">990036754810409161</marc:controlfield><marc:datafield tag="SID" ind1=" " ind2=" "><marc:subfield code="a">Z39</marc:subfield><marc:subfield code="b">K10PLUS</marc:subfield></marc:datafield><marc:datafield tag="020" ind1=" " ind2=" "><marc:subfield code="a">1837720509</marc:subfield><marc:subfield code="q">hbk</marc:subfield></marc:datafield><marc:datafield tag="020" ind1=" " ind2=" "><marc:subfield code="a">9781837720507</marc:subfield><marc:subfield code="q">hbk</marc:subfield></marc:datafield><marc:datafield tag="035" ind1=" " ind2=" "><marc:subfield code="a">(RUG01)003675481</marc:subfield></marc:datafield><marc:datafield tag="035" ind1=" " ind2=" "><marc:subfield code="a">(DE-627)1882622650</marc:subfield></marc:datafield><marc:datafield tag="035" ind1=" " ind2=" "><marc:subfield code="a">(DE-599)KEP096069430</marc:subfield></marc:datafield><marc:datafield tag="035" ind1=" " ind2=" "><marc:subfield code="a">(DE-627-1)096069430</marc:subfield></marc:datafield><marc:datafield tag="035" ind1=" " ind2=" "><marc:subfield code="a">(EbpS)3615867</marc:subfield></marc:datafield><marc:datafield tag="040" ind1=" " ind2=" "><marc:subfield code="a">DE-627</marc:subfield><marc:subfield code="b">eng</marc:subfield><marc:subfield code="c">DE-627</marc:subfield><marc:subfield code="e">rda</marc:subfield></marc:datafield><marc:datafield tag="041" ind1=" " ind2=" "><marc:subfield code="a">eng</marc:subfield></marc:datafield><marc:datafield tag="050" ind1=" " ind2="0"><marc:subfield code="a">QK46.5.H85</marc:subfield></marc:datafield><marc:datafield tag="082" ind1="0" ind2=" "><marc:subfield code="a">581.6/3</marc:subfield><marc:subfield code="2">23/eng/20231009</marc:subfield></marc:datafield><marc:datafield tag="245" ind1="0" ind2="0"><marc:subfield code="a">Plants matter :</marc:subfield><marc:subfield code="b">exploring the becomings of plants and people /</marc:subfield><marc:subfield code="c">edited by Luci Attala and Louise Steel.</marc:subfield></marc:datafield><marc:datafield tag="264" ind1=" " ind2="1"><marc:subfield code="a">Cardiff :</marc:subfield><marc:subfield code="b">University of Wales press,</marc:subfield><marc:subfield code="c">2023.</marc:subfield></marc:datafield><marc:datafield tag="300" ind1=" " ind2=" "><marc:subfield code="a">XVIII, 222 p.</marc:subfield></marc:datafield><marc:datafield tag="490" ind1="0" ind2=" "><marc:subfield code="a">Materialities in anthropology and archaeology</marc:subfield></marc:datafield><marc:datafield tag="500" ind1=" " ind2=" "><marc:subfield code="a">Description based upon print version of record</marc:subfield></marc:datafield><marc:datafield tag="505" ind1="8" ind2=" "><marc:subfield code="a">7 Escaping to the Garden and Tasting Life -- 8 &apos;The crop that ruled our lives&apos;: Memories of Tobacco among Former Growers in Australia -- Notes</marc:subfield></marc:datafield><marc:datafield tag="505" ind1="8" ind2=" "><marc:subfield code="a">Intro -- Title Page -- Copyright Page -- Contents -- List of Figures -- List of Tables -- Acknowledgements -- List of Contributors -- Preface -- 1 Introduction: Talking of (and with) (the Materiality of) Plants -- 2 The Materiality of Plants: Plant-People Entanglements -- 3 Plants as Medicine in the Anthropocene -- 4 The World Tree: Humans, Trees and Creation on the Sierra Nevada de Santa Marta -- 5 Composing with Plants: Discerning their Call -- 6 The Matter of Knowing Plant Medicine as Ecology: From Vegetal Philosophy and Plant Science to Tea Tasting in the Anthropocene</marc:subfield></marc:datafield><marc:datafield tag="520" ind1=" " ind2=" "><marc:subfield code="a">This book takes a journey around the world to demonstrate how plants influence people&apos;s lives. From mealtimes to belief systems, from addictions to medical support, plants are instrumental in organising what people do, and what it means to be human</marc:subfield></marc:datafield><marc:datafield tag="650" ind1=" " ind2="0"><marc:subfield code="a">Ethnobotany</marc:subfield></marc:datafield><marc:datafield tag="650" ind1=" " ind2="0"><marc:subfield code="a">Human-plant relationships</marc:subfield></marc:datafield><marc:datafield tag="700" ind1="1" ind2=" "><marc:subfield code="a">Attala, Luci,</marc:subfield><marc:subfield code="d">....-</marc:subfield><marc:subfield code="0">(viaf)315594558</marc:subfield></marc:datafield><marc:datafield tag="700" ind1="1" ind2=" "><marc:subfield code="a">Steel, Louise,</marc:subfield><marc:subfield code="d">....-</marc:subfield><marc:subfield code="0">(viaf)44516635</marc:subfield></marc:datafield><marc:datafield tag="883" ind1=" " ind2=" "><marc:subfield code="a">cgwrk</marc:subfield><marc:subfield code="d">20241001</marc:subfield><marc:subfield code="q">DE-101</marc:subfield><marc:subfield code="u">https://d-nb.info/provenance/plan#cgwrk</marc:subfield><marc:subfield code="8">1\p</marc:subfield></marc:datafield><marc:datafield tag="883" ind1=" " ind2=" "><marc:subfield code="a">cgwrk</marc:subfield><marc:subfield code="d">20241001</marc:subfield><marc:subfield code="q">DE-101</marc:subfield><marc:subfield code="u">https://d-nb.info/provenance/plan#cgwrk</marc:subfield><marc:subfield code="8">2\p</marc:subfield></marc:datafield><marc:datafield tag="920" ind1=" " ind2=" "><marc:subfield code="a">book</marc:subfield></marc:datafield></marc:record>