<marc:record><marc:leader>01421cam a2200325ua 4500</marc:leader><marc:controlfield tag="005">20250918232114.0</marc:controlfield><marc:controlfield tag="008">830617s1978    pl     |r    |100 ||mul|d</marc:controlfield><marc:controlfield tag="001">990036754800409161</marc:controlfield><marc:datafield tag="035" ind1=" " ind2=" "><marc:subfield code="a">(RUG01)003675480</marc:subfield></marc:datafield><marc:datafield tag="035" ind1=" " ind2=" "><marc:subfield code="a">(OCoLC)9616210</marc:subfield><marc:subfield code="z">(OCoLC)1001191223</marc:subfield><marc:subfield code="z">(OCoLC)1001204731</marc:subfield><marc:subfield code="z">(OCoLC)1071225701</marc:subfield><marc:subfield code="z">(OCoLC)1160103160</marc:subfield><marc:subfield code="z">(OCoLC)1170358416</marc:subfield></marc:datafield><marc:datafield tag="040" ind1=" " ind2=" "><marc:subfield code="a">TXQ</marc:subfield><marc:subfield code="c">TXQ</marc:subfield><marc:subfield code="d">DDO</marc:subfield></marc:datafield><marc:datafield tag="041" ind1="0" ind2=" "><marc:subfield code="a">fre</marc:subfield><marc:subfield code="a">ita</marc:subfield></marc:datafield><marc:datafield tag="043" ind1=" " ind2=" "><marc:subfield code="a">e------</marc:subfield></marc:datafield><marc:datafield tag="050" ind1=" " ind2="4"><marc:subfield code="a">KJ147</marc:subfield><marc:subfield code="b">.D76 1973</marc:subfield></marc:datafield><marc:datafield tag="245" ind1="0" ind2="3"><marc:subfield code="a">Le droit romain et sa reception en Europe /</marc:subfield><marc:subfield code="c">edités par Henryk Kupiszewski et Witold Wołodkiewicz.</marc:subfield></marc:datafield><marc:datafield tag="260" ind1=" " ind2=" "><marc:subfield code="a">Varsovie :</marc:subfield><marc:subfield code="b">Université de Varsovie,</marc:subfield><marc:subfield code="c">1978.</marc:subfield></marc:datafield><marc:datafield tag="300" ind1=" " ind2=" "><marc:subfield code="a">308 p. ;</marc:subfield><marc:subfield code="c">24 cm.</marc:subfield></marc:datafield><marc:datafield tag="500" ind1=" " ind2=" "><marc:subfield code="a">Les actes du colloque organisé par la Faculté de Droit et d&apos;Administration de l&apos;Université de Varsovie en collaboration avec l&apos;Accademia Nazionale dei Lincei, le 8-10 octobre 1973</marc:subfield></marc:datafield><marc:datafield tag="504" ind1=" " ind2=" "><marc:subfield code="a">Includes bibliographical references.</marc:subfield></marc:datafield><marc:datafield tag="541" ind1=" " ind2=" "><marc:subfield code="3">LWBIB.L0</marc:subfield><marc:subfield code="c">Schenking</marc:subfield><marc:subfield code="a">De Ridder-Symoens, Hilde</marc:subfield><marc:subfield code="d">16/03/2023</marc:subfield></marc:datafield><marc:datafield tag="546" ind1=" " ind2=" "><marc:subfield code="a">French and Italian.</marc:subfield></marc:datafield><marc:datafield tag="650" ind1=" " ind2="0"><marc:subfield code="a">Roman law</marc:subfield><marc:subfield code="x">Reception</marc:subfield><marc:subfield code="z">Europe.</marc:subfield></marc:datafield><marc:datafield tag="655" ind1=" " ind2="7"><marc:subfield code="a">Conference papers and proceedings.</marc:subfield><marc:subfield code="2">fast</marc:subfield></marc:datafield><marc:datafield tag="655" ind1=" " ind2="7"><marc:subfield code="a">History.</marc:subfield><marc:subfield code="2">fast</marc:subfield></marc:datafield><marc:datafield tag="700" ind1="1" ind2=" "><marc:subfield code="a">Kupiszewski, Henryk,</marc:subfield><marc:subfield code="d">1927-1994</marc:subfield><marc:subfield code="0">(viaf)69763294</marc:subfield></marc:datafield><marc:datafield tag="700" ind1="1" ind2=" "><marc:subfield code="a">Wołodkiewicz, Witold,</marc:subfield><marc:subfield code="d">1929-2021</marc:subfield><marc:subfield code="0">(viaf)22188130</marc:subfield></marc:datafield><marc:datafield tag="710" ind1="2" ind2=" "><marc:subfield code="a">Accademia nazionale dei Lincei</marc:subfield></marc:datafield><marc:datafield tag="710" ind1="2" ind2=" "><marc:subfield code="a">Uniwersytet Warszawski.</marc:subfield><marc:subfield code="b">Wydział Prawa i Administracji</marc:subfield></marc:datafield><marc:datafield tag="920" ind1=" " ind2=" "><marc:subfield code="a">book</marc:subfield></marc:datafield><marc:datafield tag="SID" ind1=" " ind2=" "><marc:subfield code="a">Z39</marc:subfield><marc:subfield code="b">01HVD_INST</marc:subfield></marc:datafield></marc:record>