<marc:record><marc:leader>01746cam a2200445ui 4500</marc:leader><marc:controlfield tag="005">20250924124412.0</marc:controlfield><marc:controlfield tag="008">140108s2013    be ag  |rb   |101 ||mul|d</marc:controlfield><marc:controlfield tag="001">990036754790409161</marc:controlfield><marc:datafield tag="SID" ind1=" " ind2=" "><marc:subfield code="a">Z39</marc:subfield><marc:subfield code="b">01HVD_INST</marc:subfield></marc:datafield><marc:datafield tag="020" ind1=" " ind2=" "><marc:subfield code="a">9782503551548</marc:subfield></marc:datafield><marc:datafield tag="020" ind1=" " ind2=" "><marc:subfield code="a">2503551548</marc:subfield></marc:datafield><marc:datafield tag="035" ind1=" " ind2=" "><marc:subfield code="a">(RUG01)003675479</marc:subfield></marc:datafield><marc:datafield tag="035" ind1=" " ind2=" "><marc:subfield code="a">(OCoLC)868068617</marc:subfield><marc:subfield code="z">(OCoLC)868018679</marc:subfield><marc:subfield code="z">(OCoLC)1001108526</marc:subfield></marc:datafield><marc:datafield tag="040" ind1=" " ind2=" "><marc:subfield code="a">TZT</marc:subfield><marc:subfield code="b">eng</marc:subfield><marc:subfield code="c">TZT</marc:subfield><marc:subfield code="d">OCLCO</marc:subfield><marc:subfield code="d">CDX</marc:subfield><marc:subfield code="d">CGU</marc:subfield><marc:subfield code="d">OHX</marc:subfield><marc:subfield code="d">ERASA</marc:subfield><marc:subfield code="d">BTCTA</marc:subfield><marc:subfield code="d">DEBSZ</marc:subfield><marc:subfield code="d">AUXAM</marc:subfield><marc:subfield code="d">XII</marc:subfield><marc:subfield code="d">YDXCP</marc:subfield><marc:subfield code="d">DEBBG</marc:subfield><marc:subfield code="e">rda</marc:subfield></marc:datafield><marc:datafield tag="041" ind1="0" ind2=" "><marc:subfield code="a">fre</marc:subfield><marc:subfield code="a">eng</marc:subfield></marc:datafield><marc:datafield tag="043" ind1=" " ind2=" "><marc:subfield code="a">e-fr---</marc:subfield></marc:datafield><marc:datafield tag="050" ind1=" " ind2="4"><marc:subfield code="a">LF2165</marc:subfield><marc:subfield code="b">.D43 2013</marc:subfield></marc:datafield><marc:datafield tag="072" ind1=" " ind2="7"><marc:subfield code="a">LF</marc:subfield><marc:subfield code="2">lcco</marc:subfield></marc:datafield><marc:datafield tag="082" ind1="1" ind2="4"><marc:subfield code="a">378</marc:subfield></marc:datafield><marc:datafield tag="084" ind1=" " ind2=" "><marc:subfield code="a">8,2</marc:subfield><marc:subfield code="2">ssgn</marc:subfield></marc:datafield><marc:datafield tag="084" ind1=" " ind2=" "><marc:subfield code="a">AL 14352</marc:subfield><marc:subfield code="2">rvk</marc:subfield></marc:datafield><marc:datafield tag="245" ind1="0" ind2="4"><marc:subfield code="a">Les débuts de l&apos;enseignement universitaire à Paris (1200-1245 environ) /</marc:subfield><marc:subfield code="c">édité par Jacques Verger et Olga Weijers.</marc:subfield></marc:datafield><marc:datafield tag="260" ind1=" " ind2=" "><marc:subfield code="a">Turnhout :</marc:subfield><marc:subfield code="b">Brepols,</marc:subfield><marc:subfield code="c">2013.</marc:subfield></marc:datafield><marc:datafield tag="300" ind1=" " ind2=" "><marc:subfield code="a">439 p.: ill.;</marc:subfield><marc:subfield code="c">24 cm.</marc:subfield></marc:datafield><marc:datafield tag="490" ind1="0" ind2=" "><marc:subfield code="a">Studia artistarum</marc:subfield><marc:subfield code="v">38</marc:subfield></marc:datafield><marc:datafield tag="500" ind1=" " ind2=" "><marc:subfield code="a">Papers presented at a colloquium held in September, 2012.</marc:subfield></marc:datafield><marc:datafield tag="504" ind1=" " ind2=" "><marc:subfield code="a">Includes bibliographical references and indexes.</marc:subfield></marc:datafield><marc:datafield tag="541" ind1=" " ind2=" "><marc:subfield code="a">De Ridder-Symoens, Hilde</marc:subfield><marc:subfield code="c">Schenking</marc:subfield><marc:subfield code="d">16/03/2023</marc:subfield></marc:datafield><marc:datafield tag="610" ind1="2" ind2="0"><marc:subfield code="a">Université de Paris</marc:subfield><marc:subfield code="v">Congresses.</marc:subfield><marc:subfield code="x">History</marc:subfield></marc:datafield><marc:datafield tag="648" ind1=" " ind2="7"><marc:subfield code="a">To 1500</marc:subfield><marc:subfield code="2">fast</marc:subfield></marc:datafield><marc:datafield tag="650" ind1=" " ind2="0"><marc:subfield code="a">Education, Higher</marc:subfield><marc:subfield code="v">Congresses.</marc:subfield><marc:subfield code="x">History</marc:subfield><marc:subfield code="y">To 1500</marc:subfield><marc:subfield code="z">France</marc:subfield><marc:subfield code="z">Paris</marc:subfield></marc:datafield><marc:datafield tag="650" ind1=" " ind2="0"><marc:subfield code="a">Education, Medieval</marc:subfield><marc:subfield code="v">Congresses.</marc:subfield><marc:subfield code="z">France</marc:subfield><marc:subfield code="z">Paris</marc:subfield></marc:datafield><marc:datafield tag="650" ind1=" " ind2="0"><marc:subfield code="a">Universities and colleges</marc:subfield><marc:subfield code="v">Congresses.</marc:subfield><marc:subfield code="x">History</marc:subfield><marc:subfield code="y">To 1500</marc:subfield><marc:subfield code="z">France</marc:subfield><marc:subfield code="z">Paris</marc:subfield></marc:datafield><marc:datafield tag="651" ind1=" " ind2="0"><marc:subfield code="a">Paris (France)</marc:subfield><marc:subfield code="v">Congresses.</marc:subfield><marc:subfield code="x">Intellectual life</marc:subfield></marc:datafield><marc:datafield tag="655" ind1=" " ind2="7"><marc:subfield code="a">Conference papers and proceedings.</marc:subfield><marc:subfield code="2">fast</marc:subfield></marc:datafield><marc:datafield tag="655" ind1=" " ind2="7"><marc:subfield code="a">History.</marc:subfield><marc:subfield code="2">fast</marc:subfield></marc:datafield><marc:datafield tag="700" ind1="1" ind2=" "><marc:subfield code="a">Verger, Jacques,</marc:subfield><marc:subfield code="d">1943-</marc:subfield><marc:subfield code="0">(viaf)100174530</marc:subfield></marc:datafield><marc:datafield tag="700" ind1="1" ind2=" "><marc:subfield code="a">Weijers, Olga,</marc:subfield><marc:subfield code="d">1946-</marc:subfield><marc:subfield code="0">(viaf)29550299</marc:subfield></marc:datafield><marc:datafield tag="830" ind1=" " ind2="0"><marc:subfield code="a">Studia artistarum</marc:subfield><marc:subfield code="v">38.</marc:subfield></marc:datafield><marc:datafield tag="920" ind1=" " ind2=" "><marc:subfield code="a">book</marc:subfield></marc:datafield></marc:record>