<marc:record><marc:leader>00872ntm a2200205 a 4500</marc:leader><marc:controlfield tag="005">20250918120632.0</marc:controlfield><marc:controlfield tag="008">250805s1554    be |||||#|||||||| ||dut|d</marc:controlfield><marc:controlfield tag="001">990036754780409161</marc:controlfield><marc:datafield tag="035" ind1=" " ind2=" "><marc:subfield code="a">(RUG01)003675478</marc:subfield></marc:datafield><marc:datafield tag="040" ind1=" " ind2=" "><marc:subfield code="a">BE-GnUNI</marc:subfield></marc:datafield><marc:datafield tag="245" ind1="0" ind2="0"><marc:subfield code="a">Caerte der Rederijkerkamer &quot;de Roos&quot;, te Loven, 3 april 1554, na Paschen.</marc:subfield></marc:datafield><marc:datafield tag="260" ind1=" " ind2=" "><marc:subfield code="a">Leuven,</marc:subfield><marc:subfield code="c">1554.</marc:subfield></marc:datafield><marc:datafield tag="300" ind1=" " ind2=" "><marc:subfield code="a">21 bl.</marc:subfield></marc:datafield><marc:datafield tag="340" ind1=" " ind2=" "><marc:subfield code="a">Papier</marc:subfield></marc:datafield><marc:datafield tag="561" ind1=" " ind2=" "><marc:subfield code="3">BHSL.HS.4959</marc:subfield><marc:subfield code="a">Herkomst: Koninklijke Academie voor Nederlandse Taal- en Letterkunde 20/03/2024.</marc:subfield></marc:datafield><marc:datafield tag="563" ind1=" " ind2=" "><marc:subfield code="3">BHSL.HS.4959</marc:subfield><marc:subfield code="a">Perkamentenband met Latijns fragment.</marc:subfield></marc:datafield><marc:datafield tag="581" ind1=" " ind2=" "><marc:subfield code="a">Inventaris der handschriften toebehorende aan de Koninklijke Vlaamsche Academie voor Taal- en Letterkunde, Verslagen en mededelingen van de Koninklijke Vlaamse Academie voor Taal- en Letterkunde (1899), p. 91.</marc:subfield></marc:datafield><marc:datafield tag="591" ind1=" " ind2=" "><marc:subfield code="a">Bijzondere collecties</marc:subfield></marc:datafield><marc:datafield tag="655" ind1=" " ind2="7"><marc:subfield code="a">Manuscripts.</marc:subfield><marc:subfield code="2">UGENTSC</marc:subfield></marc:datafield><marc:datafield tag="920" ind1=" " ind2=" "><marc:subfield code="a">manuscript</marc:subfield></marc:datafield></marc:record>