<marc:record><marc:leader>03519cam a2200433 i 4500</marc:leader><marc:controlfield tag="005">20250918232117.0</marc:controlfield><marc:controlfield tag="008">240627s2023    ne ab  |rb   |001 ||eng||</marc:controlfield><marc:controlfield tag="001">990036754750409161</marc:controlfield><marc:datafield tag="010" ind1=" " ind2=" "><marc:subfield code="a">2024441413</marc:subfield></marc:datafield><marc:datafield tag="020" ind1=" " ind2=" "><marc:subfield code="a">9789042949683</marc:subfield><marc:subfield code="q">hbk</marc:subfield></marc:datafield><marc:datafield tag="020" ind1=" " ind2=" "><marc:subfield code="a">9042949686</marc:subfield></marc:datafield><marc:datafield tag="020" ind1=" " ind2=" "><marc:subfield code="z">9789042949690</marc:subfield><marc:subfield code="q">ebook</marc:subfield></marc:datafield><marc:datafield tag="035" ind1=" " ind2=" "><marc:subfield code="a">(RUG01)003675475</marc:subfield></marc:datafield><marc:datafield tag="035" ind1=" " ind2=" "><marc:subfield code="a">23753432</marc:subfield></marc:datafield><marc:datafield tag="040" ind1=" " ind2=" "><marc:subfield code="a">DLC</marc:subfield><marc:subfield code="b">eng</marc:subfield><marc:subfield code="c">DLC</marc:subfield><marc:subfield code="e">rda</marc:subfield></marc:datafield><marc:datafield tag="041" ind1="0" ind2=" "><marc:subfield code="a">eng</marc:subfield><marc:subfield code="a">fre</marc:subfield></marc:datafield><marc:datafield tag="042" ind1=" " ind2=" "><marc:subfield code="a">pcc</marc:subfield></marc:datafield><marc:datafield tag="043" ind1=" " ind2=" "><marc:subfield code="a">a-ir---</marc:subfield></marc:datafield><marc:datafield tag="050" ind1="0" ind2="0"><marc:subfield code="a">DS286.57</marc:subfield><marc:subfield code="b">.D57 2023</marc:subfield></marc:datafield><marc:datafield tag="245" ind1="0" ind2="0"><marc:subfield code="a">Discourse, power issues, and images :</marc:subfield><marc:subfield code="b">transversal studies on the reigns of Yazdgird I and Wahram V /</marc:subfield><marc:subfield code="c">edited by Christelle Jullien.</marc:subfield></marc:datafield><marc:datafield tag="260" ind1=" " ind2=" "><marc:subfield code="a">Leuven :</marc:subfield><marc:subfield code="b">Peeters,</marc:subfield><marc:subfield code="c">2023.</marc:subfield></marc:datafield><marc:datafield tag="264" ind1=" " ind2="1"><marc:subfield code="a">Leuven ;</marc:subfield><marc:subfield code="a">Bristol, CT :</marc:subfield><marc:subfield code="b">Peeters,</marc:subfield><marc:subfield code="c">2023.</marc:subfield></marc:datafield><marc:datafield tag="264" ind1=" " ind2="4"><marc:subfield code="c">©2023</marc:subfield></marc:datafield><marc:datafield tag="300" ind1=" " ind2=" "><marc:subfield code="a">VIII, 231 p.: ill.</marc:subfield></marc:datafield><marc:datafield tag="490" ind1="0" ind2=" "><marc:subfield code="a">Late antique history and religion ;</marc:subfield><marc:subfield code="v">26</marc:subfield></marc:datafield><marc:datafield tag="504" ind1=" " ind2=" "><marc:subfield code="a">Includes bibliographical references (pages 191-216) and indexes.</marc:subfield></marc:datafield><marc:datafield tag="505" ind1="0" ind2="0"><marc:subfield code="t">Introduction. In the mirror of the discourse --</marc:subfield><marc:subfield code="t">Les relations romano-perses sous Yazdgird Ier et Wahrām V /</marc:subfield><marc:subfield code="r">Geoffrey Greatex et George Amanatidis-Saadé --</marc:subfield><marc:subfield code="t">Yazdgird I, Wahrām V, and the end of greater Armenia : a note on the Armenian sources /</marc:subfield><marc:subfield code="r">Giusta Traina --</marc:subfield><marc:subfield code="t">Entre tradition et innovation : témoignages matériels de l&apos;époque de Yazdgird Ier et de Wahrām V /</marc:subfield><marc:subfield code="r">Rika Gyselen --</marc:subfield><marc:subfield code="t">The two kings of Ērānšahr : Yazdgird I &apos;The Sinner&apos; and Wahrām V &apos;The Onager&apos; in the Xwadāy-nāmag tradition /</marc:subfield><marc:subfield code="r">Touraj Daryaee --</marc:subfield><marc:subfield code="t">The Jews of Babylonia during the reigns of Kings Yazdgird I and Wahrām V /</marc:subfield><marc:subfield code="r">Geoffrey Herman --</marc:subfield><marc:subfield code="t">A tale of two Isaacs : Christians and the crown in the fifth century Ērānšahr /</marc:subfield><marc:subfield code="r">Scott McDonough --</marc:subfield><marc:subfield code="t">Les affaires de pyrées sous Yazdgird I : motif hagiographique et modèles littéraires /</marc:subfield><marc:subfield code="r">Christelle Jullien --</marc:subfield><marc:subfield code="t">Le synode de 410, avant et après /</marc:subfield><marc:subfield code="r">Marie-Joseph Pierre et Chiemi Nakano --</marc:subfield><marc:subfield code="t">Rewriting history : Yazdgird I, Wahrām V and the Chronicle of Seert /</marc:subfield><marc:subfield code="r">Philip Wood.</marc:subfield></marc:datafield><marc:datafield tag="520" ind1=" " ind2=" "><marc:subfield code="a">&quot;What images of Yazdgird I (399-420) and Wahram V (420-438) have been transmitted in the sources from and outside the Persian empire? Those nearly forty years saw a rich and complex relationship develop between Persia and its neighbours, paving the way for the Sasanians to extend their influence beyond the borders. At the beginning of the fifth century, while exchanges and relations of subordination were being reconfigured in the Middle East, the religious communities of the Sasanian empire (Babylonian Jewry, diverse Christian communities, Manichaeans, etc.) created the conditions for a new relationship with power. These two great sovereigns were emblematic and inspired contrasting portrayals - either controversial or idealised - that integrate narrative models sometimes borrowed from other cultures. A major aim of this book is to bring together the up-to-date knowledge about this topic through a comprehensive enquiry and comparison of contemporaneous and later materials.&quot;--</marc:subfield><marc:subfield code="c">Publisher&apos;s website.</marc:subfield></marc:datafield><marc:datafield tag="546" ind1=" " ind2=" "><marc:subfield code="a">Bijdragen in Frans en Engels</marc:subfield></marc:datafield><marc:datafield tag="600" ind1="0" ind2="0"><marc:subfield code="a">Bahrām</marc:subfield><marc:subfield code="b">V,</marc:subfield><marc:subfield code="c">King of Iran,</marc:subfield><marc:subfield code="d">-438.</marc:subfield></marc:datafield><marc:datafield tag="600" ind1="0" ind2="0"><marc:subfield code="a">Yazdegerd</marc:subfield><marc:subfield code="b">I,</marc:subfield><marc:subfield code="c">King of Iran,</marc:subfield><marc:subfield code="d">-420</marc:subfield></marc:datafield><marc:datafield tag="650" ind1=" " ind2="0"><marc:subfield code="a">Sassanids.</marc:subfield></marc:datafield><marc:datafield tag="651" ind1=" " ind2="0"><marc:subfield code="a">Sasanian Empire</marc:subfield><marc:subfield code="x">History.</marc:subfield></marc:datafield><marc:datafield tag="651" ind1=" " ind2="0"><marc:subfield code="a">Sasanian Empire</marc:subfield><marc:subfield code="x">Kings and rulers.</marc:subfield></marc:datafield><marc:datafield tag="651" ind1=" " ind2="0"><marc:subfield code="a">Sasanian Empire</marc:subfield><marc:subfield code="x">Politics and government.</marc:subfield></marc:datafield><marc:datafield tag="700" ind1="1" ind2=" "><marc:subfield code="a">Jullien, Christelle,</marc:subfield><marc:subfield code="d">....-</marc:subfield><marc:subfield code="0">(viaf)14907867</marc:subfield></marc:datafield><marc:datafield tag="830" ind1=" " ind2="0"><marc:subfield code="a">Late antique history and religion ;</marc:subfield><marc:subfield code="v">26.</marc:subfield></marc:datafield><marc:datafield tag="920" ind1=" " ind2=" "><marc:subfield code="a">book</marc:subfield></marc:datafield><marc:datafield tag="SID" ind1=" " ind2=" "><marc:subfield code="a">Z39</marc:subfield><marc:subfield code="b">LOC</marc:subfield></marc:datafield></marc:record>