<marc:record><marc:leader>00532nam a2200169 a 4500</marc:leader><marc:controlfield tag="005">20250918232117.0</marc:controlfield><marc:controlfield tag="008">250805|2025||||be |||||r|||||||| ||dut|d</marc:controlfield><marc:controlfield tag="001">990036754740409161</marc:controlfield><marc:datafield tag="020" ind1=" " ind2=" "><marc:subfield code="a">9789403038483</marc:subfield></marc:datafield><marc:datafield tag="035" ind1=" " ind2=" "><marc:subfield code="a">(RUG01)003675474</marc:subfield></marc:datafield><marc:datafield tag="040" ind1=" " ind2=" "><marc:subfield code="a">BE-GnUNI</marc:subfield></marc:datafield><marc:datafield tag="100" ind1="1" ind2=" "><marc:subfield code="a">Schram, Frankie,</marc:subfield><marc:subfield code="d">....-</marc:subfield><marc:subfield code="0">(viaf)311810372</marc:subfield></marc:datafield><marc:datafield tag="245" ind1="1" ind2="0"><marc:subfield code="a">Bestuurlijke handhaving van criminaliteit /</marc:subfield><marc:subfield code="c">Frankie Schram.</marc:subfield></marc:datafield><marc:datafield tag="260" ind1=" " ind2=" "><marc:subfield code="a">Alphen aan den Rijn :</marc:subfield><marc:subfield code="b">Wolters Kluwer,</marc:subfield><marc:subfield code="c">2025.</marc:subfield></marc:datafield><marc:datafield tag="300" ind1=" " ind2=" "><marc:subfield code="a">XXV, 275 p.</marc:subfield></marc:datafield><marc:datafield tag="490" ind1="0" ind2=" "><marc:subfield code="a">Recht en praktijk (België)</marc:subfield><marc:subfield code="v">120</marc:subfield><marc:subfield code="x">0484-0976</marc:subfield></marc:datafield><marc:datafield tag="920" ind1=" " ind2=" "><marc:subfield code="a">book</marc:subfield></marc:datafield></marc:record>