<marc:record><marc:leader>01064njm a2200253 a 4500</marc:leader><marc:controlfield tag="005">20250918114923.0</marc:controlfield><marc:controlfield tag="008">250804nuuuuuuuuxx |||||#|||||||| | fre|d</marc:controlfield><marc:controlfield tag="001">990036754720409161</marc:controlfield><marc:datafield tag="028" ind1="1" ind2="0"><marc:subfield code="a">106407</marc:subfield><marc:subfield code="b">Parlophon</marc:subfield></marc:datafield><marc:datafield tag="028" ind1="1" ind2="0"><marc:subfield code="a">106408</marc:subfield><marc:subfield code="b">Parlophon</marc:subfield></marc:datafield><marc:datafield tag="028" ind1="2" ind2="0"><marc:subfield code="a">B. 29005</marc:subfield><marc:subfield code="b">Parlophon</marc:subfield></marc:datafield><marc:datafield tag="035" ind1=" " ind2=" "><marc:subfield code="a">(RUG01)003675472</marc:subfield></marc:datafield><marc:datafield tag="040" ind1=" " ind2=" "><marc:subfield code="a">BE-GnUNI</marc:subfield></marc:datafield><marc:datafield tag="245" ind1="0" ind2="0"><marc:subfield code="a">Thaïs: &quot;L&apos;amour est une vertu rare&quot;. La vie de bohème: &quot;La chambre qu&apos;autrefois...&quot; /</marc:subfield><marc:subfield code="c">Suzanne Sadran (soprano) de l&apos;opéra de Monte-Carlo; avec acc. d&apos;orchestre sous la dir. de Maurice Frigara.</marc:subfield></marc:datafield><marc:datafield tag="260" ind1=" " ind2=" "><marc:subfield code="a">S.l. :</marc:subfield><marc:subfield code="b">Parlophon,</marc:subfield><marc:subfield code="c">n.d.</marc:subfield></marc:datafield><marc:datafield tag="300" ind1=" " ind2=" "><marc:subfield code="a">1 grammofoonplaat :</marc:subfield><marc:subfield code="b">78 rpm ;</marc:subfield><marc:subfield code="c">25 cm.</marc:subfield></marc:datafield><marc:datafield tag="505" ind1="0" ind2=" "><marc:subfield code="a">A. Thaïs: &quot;L&apos;amour est une vertu rare&quot; / Massenet</marc:subfield></marc:datafield><marc:datafield tag="505" ind1="0" ind2=" "><marc:subfield code="a">B. La vie de bohème: &quot;La chambre qu&apos;autrefois...&quot; / Puccini</marc:subfield></marc:datafield><marc:datafield tag="700" ind1="1" ind2=" "><marc:subfield code="a">Puccini, Giacomo,</marc:subfield><marc:subfield code="d">1858-1924</marc:subfield><marc:subfield code="0">(viaf)95156473</marc:subfield><marc:subfield code="4">cmp</marc:subfield></marc:datafield><marc:datafield tag="700" ind1="1" ind2=" "><marc:subfield code="a">Massenet, Jules,</marc:subfield><marc:subfield code="d">1842-1912</marc:subfield><marc:subfield code="0">(viaf)14959005</marc:subfield><marc:subfield code="4">cmp</marc:subfield></marc:datafield><marc:datafield tag="700" ind1="1" ind2=" "><marc:subfield code="a">Sadran, Suzanne,</marc:subfield><marc:subfield code="d">....-</marc:subfield><marc:subfield code="0">(viaf)0</marc:subfield><marc:subfield code="4">sng</marc:subfield></marc:datafield><marc:datafield tag="700" ind1="1" ind2=" "><marc:subfield code="a">Frigara, Maurice,</marc:subfield><marc:subfield code="d">1874-1955</marc:subfield><marc:subfield code="0">(viaf)160516056</marc:subfield><marc:subfield code="4">cnd</marc:subfield></marc:datafield><marc:datafield tag="710" ind1="2" ind2=" "><marc:subfield code="a">Carl Lindström A.G.</marc:subfield></marc:datafield><marc:datafield tag="920" ind1=" " ind2=" "><marc:subfield code="a">audio</marc:subfield></marc:datafield></marc:record>