<marc:record><marc:leader>01320nam a2200205 a 4500</marc:leader><marc:controlfield tag="005">20250918232111.0</marc:controlfield><marc:controlfield tag="008">250805s2025    ne |||||r|||||||| ||eng|d</marc:controlfield><marc:controlfield tag="001">990036754710409161</marc:controlfield><marc:datafield tag="020" ind1=" " ind2=" "><marc:subfield code="a">9789004727809</marc:subfield><marc:subfield code="q">hbk</marc:subfield></marc:datafield><marc:datafield tag="035" ind1=" " ind2=" "><marc:subfield code="a">(RUG01)003675471</marc:subfield></marc:datafield><marc:datafield tag="040" ind1=" " ind2=" "><marc:subfield code="a">BE-GnUNI</marc:subfield></marc:datafield><marc:datafield tag="050" ind1=" " ind2="4"><marc:subfield code="a">B577.G24</marc:subfield><marc:subfield code="b">T76 2025</marc:subfield></marc:datafield><marc:datafield tag="100" ind1="1" ind2=" "><marc:subfield code="a">Trompeter, Julia,</marc:subfield><marc:subfield code="d">1980-</marc:subfield><marc:subfield code="0">(viaf)232080477</marc:subfield></marc:datafield><marc:datafield tag="245" ind1="1" ind2="0"><marc:subfield code="a">Galen on ethics and human nature /</marc:subfield><marc:subfield code="c">by Julia Trompeter.</marc:subfield></marc:datafield><marc:datafield tag="260" ind1=" " ind2=" "><marc:subfield code="a">Leiden :</marc:subfield><marc:subfield code="b">Brill,</marc:subfield><marc:subfield code="c">2025.</marc:subfield></marc:datafield><marc:datafield tag="300" ind1=" " ind2=" "><marc:subfield code="a">IX, 275 p.</marc:subfield></marc:datafield><marc:datafield tag="490" ind1="0" ind2=" "><marc:subfield code="a">Philosophia antiqua ;</marc:subfield><marc:subfield code="v">174</marc:subfield><marc:subfield code="x">0079-1687</marc:subfield></marc:datafield><marc:datafield tag="520" ind1=" " ind2=" "><marc:subfield code="a">&quot;This monograph presents a full picture of Galen&apos;s ethics. It expounds his view on human character and morality as based on his account of human nature (including his reception of Plato and Aristotle). This book reveals Galen&apos;s substantial contribution to the philosophical debate on the parts and powers of our soul and their connection with the body. Thereby, it also delves into the lively academic debate on the best handling of emotions like anger or distress including their medical implications. Paying attention also to the religious side of Galen&apos;s moral thought, the monograph contributes to a complete recollection of Galen--not only as the doctor but also as the ethical philosopher he was.&quot;--</marc:subfield><marc:subfield code="c">Provided by the publisher.</marc:subfield></marc:datafield><marc:datafield tag="600" ind1="0" ind2="0"><marc:subfield code="a">Galen</marc:subfield><marc:subfield code="x">Ethics.</marc:subfield></marc:datafield><marc:datafield tag="920" ind1=" " ind2=" "><marc:subfield code="a">book</marc:subfield></marc:datafield></marc:record>