<marc:record><marc:leader>02070cam a22003498i 4500</marc:leader><marc:controlfield tag="005">20250918232112.0</marc:controlfield><marc:controlfield tag="008">250326s2025    ne     |rb   |001 ||eng||</marc:controlfield><marc:controlfield tag="001">990036754700409161</marc:controlfield><marc:datafield tag="010" ind1=" " ind2=" "><marc:subfield code="a">2025007040</marc:subfield></marc:datafield><marc:datafield tag="020" ind1=" " ind2=" "><marc:subfield code="a">9789004712188</marc:subfield><marc:subfield code="q">hbk</marc:subfield></marc:datafield><marc:datafield tag="020" ind1=" " ind2=" "><marc:subfield code="z">9789004712195</marc:subfield><marc:subfield code="q">ebook</marc:subfield></marc:datafield><marc:datafield tag="035" ind1=" " ind2=" "><marc:subfield code="a">(RUG01)003675470</marc:subfield></marc:datafield><marc:datafield tag="035" ind1=" " ind2=" "><marc:subfield code="a">24127116</marc:subfield></marc:datafield><marc:datafield tag="035" ind1=" " ind2=" "><marc:subfield code="a">(DLC)24127116</marc:subfield></marc:datafield><marc:datafield tag="040" ind1=" " ind2=" "><marc:subfield code="a">DLC</marc:subfield><marc:subfield code="b">eng</marc:subfield><marc:subfield code="c">DLC</marc:subfield><marc:subfield code="d">DLC</marc:subfield><marc:subfield code="d">DLC-MRC</marc:subfield><marc:subfield code="d">DLC</marc:subfield><marc:subfield code="d">DLC-MRC</marc:subfield><marc:subfield code="e">rda</marc:subfield></marc:datafield><marc:datafield tag="042" ind1=" " ind2=" "><marc:subfield code="a">pcc</marc:subfield></marc:datafield><marc:datafield tag="050" ind1="0" ind2="0"><marc:subfield code="a">B438</marc:subfield><marc:subfield code="b">.Z56 2025</marc:subfield></marc:datafield><marc:datafield tag="082" ind1="0" ind2="0"><marc:subfield code="a">160</marc:subfield><marc:subfield code="2">23/eng/20250327</marc:subfield></marc:datafield><marc:datafield tag="100" ind1="1" ind2=" "><marc:subfield code="a">Zingano, Marco Antônio,</marc:subfield><marc:subfield code="d">1960-</marc:subfield><marc:subfield code="0">(viaf)34496380</marc:subfield></marc:datafield><marc:datafield tag="245" ind1="1" ind2="0"><marc:subfield code="a">Aristotle and the rehabilitation of homonymy :</marc:subfield><marc:subfield code="b">a metaphysical journey through words and things /</marc:subfield><marc:subfield code="c">by Marco Zingano.</marc:subfield></marc:datafield><marc:datafield tag="260" ind1=" " ind2=" "><marc:subfield code="a">Leiden :</marc:subfield><marc:subfield code="b">Brill,</marc:subfield><marc:subfield code="c">2025.</marc:subfield></marc:datafield><marc:datafield tag="264" ind1=" " ind2="1"><marc:subfield code="a">Leiden ;</marc:subfield><marc:subfield code="a">Boston :</marc:subfield><marc:subfield code="b">Brill,</marc:subfield><marc:subfield code="c">2025.</marc:subfield></marc:datafield><marc:datafield tag="300" ind1=" " ind2=" "><marc:subfield code="a">XI, 540 p.</marc:subfield></marc:datafield><marc:datafield tag="490" ind1="0" ind2=" "><marc:subfield code="a">Philosophia antiqua ;</marc:subfield><marc:subfield code="v">173</marc:subfield><marc:subfield code="x">0079-1687</marc:subfield></marc:datafield><marc:datafield tag="504" ind1=" " ind2=" "><marc:subfield code="a">Includes bibliographical references and index.</marc:subfield></marc:datafield><marc:datafield tag="520" ind1=" " ind2=" "><marc:subfield code="a">&quot;Aristotle argued that scientific investigation depends on well-established genera, from which it reveals fundamental properties. However, the core elements of his philosophy are based on non-generic unities. Being is not a genus; it is divided into ten categories or supreme genera. Being serves as the primary concept in metaphysics, also known as first philosophy. Motion, on the other hand, is categorized into four types and is the central concept in physics, or second philosophy. Similarly, the concept of the good can be understood in multiple categories, just like being, and it forms the central idea of practical philosophy. Aristotle must confront the issue of homonymy at the very foundation of his philosophy. The stakes are high, as he believes that it is things, not words, that are homonymous. This study explores the intriguing route Aristotle takes to justify attributing homonymy to things&quot;-- Provided by publisher.</marc:subfield></marc:datafield><marc:datafield tag="600" ind1="0" ind2="0"><marc:subfield code="a">Aristotle.</marc:subfield><marc:subfield code="t">Categoriae</marc:subfield></marc:datafield><marc:datafield tag="650" ind1=" " ind2="0"><marc:subfield code="a">Categories (Philosophy)</marc:subfield><marc:subfield code="x">Early works to 1800</marc:subfield></marc:datafield><marc:datafield tag="650" ind1=" " ind2="0"><marc:subfield code="a">Language and logic</marc:subfield></marc:datafield><marc:datafield tag="650" ind1=" " ind2="0"><marc:subfield code="a">Metaphysics</marc:subfield></marc:datafield><marc:datafield tag="920" ind1=" " ind2=" "><marc:subfield code="a">book</marc:subfield></marc:datafield><marc:datafield tag="SID" ind1=" " ind2=" "><marc:subfield code="a">Z39</marc:subfield><marc:subfield code="b">LOC</marc:subfield></marc:datafield></marc:record>