<marc:record><marc:leader>00862njm a2200241 a 4500</marc:leader><marc:controlfield tag="005">20250918114924.0</marc:controlfield><marc:controlfield tag="008">250804nuuuuuuuuxx |||||#|||||||| | fre|d</marc:controlfield><marc:controlfield tag="001">990036754690409161</marc:controlfield><marc:datafield tag="028" ind1="1" ind2="0"><marc:subfield code="a">43.179</marc:subfield><marc:subfield code="b">Parlophon</marc:subfield></marc:datafield><marc:datafield tag="028" ind1="1" ind2="0"><marc:subfield code="a">43.174</marc:subfield><marc:subfield code="b">Parlophon</marc:subfield></marc:datafield><marc:datafield tag="028" ind1="2" ind2="0"><marc:subfield code="a">80 079</marc:subfield><marc:subfield code="b">Parlophon</marc:subfield></marc:datafield><marc:datafield tag="035" ind1=" " ind2=" "><marc:subfield code="a">(RUG01)003675469</marc:subfield></marc:datafield><marc:datafield tag="040" ind1=" " ind2=" "><marc:subfield code="a">BE-GnUNI</marc:subfield></marc:datafield><marc:datafield tag="245" ind1="0" ind2="0"><marc:subfield code="a">Sérénade. Danses Hongroises /</marc:subfield><marc:subfield code="c">Nina Gerard (solo de violon).</marc:subfield></marc:datafield><marc:datafield tag="260" ind1=" " ind2=" "><marc:subfield code="a">S.l. :</marc:subfield><marc:subfield code="b">Parlophon,</marc:subfield><marc:subfield code="c">n.d.</marc:subfield></marc:datafield><marc:datafield tag="300" ind1=" " ind2=" "><marc:subfield code="a">1 grammofoonplaat :</marc:subfield><marc:subfield code="b">78 rpm ;</marc:subfield><marc:subfield code="c">25 cm.</marc:subfield></marc:datafield><marc:datafield tag="505" ind1="0" ind2=" "><marc:subfield code="a">A. Sérénade / Schubert; Nina Gerard avec acc. de piano et fantaisie vocale</marc:subfield></marc:datafield><marc:datafield tag="505" ind1="0" ind2=" "><marc:subfield code="a">B. Danses Hongroises: Pot-pourri / Lehár</marc:subfield></marc:datafield><marc:datafield tag="700" ind1="1" ind2=" "><marc:subfield code="a">Schubert, Franz,</marc:subfield><marc:subfield code="d">1797-1828</marc:subfield><marc:subfield code="0">(viaf)29719275</marc:subfield><marc:subfield code="4">cmp</marc:subfield></marc:datafield><marc:datafield tag="700" ind1="1" ind2=" "><marc:subfield code="a">Lehár, Franz,</marc:subfield><marc:subfield code="d">1870-1948</marc:subfield><marc:subfield code="0">(viaf)61732356</marc:subfield><marc:subfield code="4">cmp</marc:subfield></marc:datafield><marc:datafield tag="700" ind1="1" ind2=" "><marc:subfield code="a">Gerard, Nina,</marc:subfield><marc:subfield code="d">....-</marc:subfield><marc:subfield code="0">(viaf)0</marc:subfield><marc:subfield code="4">sng</marc:subfield></marc:datafield><marc:datafield tag="710" ind1="2" ind2=" "><marc:subfield code="a">Carl Lindström A.G.</marc:subfield></marc:datafield><marc:datafield tag="920" ind1=" " ind2=" "><marc:subfield code="a">audio</marc:subfield></marc:datafield></marc:record>