<marc:record><marc:leader>01259ntm a2200229 a 4500</marc:leader><marc:controlfield tag="005">20250917100824.0</marc:controlfield><marc:controlfield tag="008">231222|2025||||be |||||rm||||||| ||   |d</marc:controlfield><marc:controlfield tag="001">990036754640409161</marc:controlfield><marc:datafield tag="020" ind1=" " ind2=" "><marc:subfield code="a">9789463578653</marc:subfield></marc:datafield><marc:datafield tag="035" ind1=" " ind2=" "><marc:subfield code="a">(RUG01)003675464</marc:subfield></marc:datafield><marc:datafield tag="040" ind1=" " ind2=" "><marc:subfield code="a">BE-GnUNI</marc:subfield></marc:datafield><marc:datafield tag="100" ind1="1" ind2=" "><marc:subfield code="a">Simoens, Andreas,</marc:subfield><marc:subfield code="d">1996-</marc:subfield><marc:subfield code="0">(ugent)01408636</marc:subfield><marc:subfield code="0">(viaf)</marc:subfield></marc:datafield><marc:datafield tag="245" ind1="1" ind2="0"><marc:subfield code="a">From fundamental phosphorus chemistry all the way to Flow :</marc:subfield><marc:subfield code="b">a psychedelic journey. Synthesis and evaluation of phosphorus containting heterocycles, tryptamine derivatives and N-heterocyclic carbene complexes /</marc:subfield><marc:subfield code="c">Andreas Simoens.</marc:subfield></marc:datafield><marc:datafield tag="246" ind1="2" ind2=" "><marc:subfield code="a">Van fundamentele fosforchemie tot aan flow</marc:subfield><marc:subfield code="b">een psychedelische reis. Synthese en evaluatie van fosfor bevattende heterocyclische verbindingen, tryptamine derivaten en N-heterocyclische carbeen complexen</marc:subfield></marc:datafield><marc:datafield tag="260" ind1=" " ind2=" "><marc:subfield code="c">2025.</marc:subfield></marc:datafield><marc:datafield tag="300" ind1=" " ind2=" "><marc:subfield code="a">284 p. : Ill.</marc:subfield></marc:datafield><marc:datafield tag="502" ind1=" " ind2=" "><marc:subfield code="a">Thesis submitted in fulfillment of the requirements for the degree of Doctor (PhD) of Bioscience Engineering : Chemistry and Bioprocess Technology</marc:subfield></marc:datafield><marc:datafield tag="710" ind1="2" ind2=" "><marc:subfield code="a">Ghent university</marc:subfield><marc:subfield code="b">Faculty of Bioscience Engineering</marc:subfield></marc:datafield><marc:datafield tag="700" ind1="1" ind2=" "><marc:subfield code="a">Stevens, Christian,</marc:subfield><marc:subfield code="d">1965-</marc:subfield><marc:subfield code="0">(ugent)801000631466</marc:subfield><marc:subfield code="0">(viaf)46158031</marc:subfield><marc:subfield code="e">promotor</marc:subfield></marc:datafield><marc:datafield tag="700" ind1="1" ind2=" "><marc:subfield code="a">Nolan, Steven,</marc:subfield><marc:subfield code="d">1962-</marc:subfield><marc:subfield code="0">(ugent)802002251345</marc:subfield><marc:subfield code="0">(viaf)8537120</marc:subfield><marc:subfield code="e">promotor</marc:subfield></marc:datafield><marc:datafield tag="920" ind1=" " ind2=" "><marc:subfield code="a">phd</marc:subfield></marc:datafield><marc:datafield tag="922" ind1=" " ind2=" "><marc:subfield code="a">UGENT-BW</marc:subfield></marc:datafield></marc:record>