<marc:record><marc:leader>00000ntm a22      a 4500</marc:leader><marc:controlfield tag="005">20250805101734.0</marc:controlfield><marc:controlfield tag="008">231222|2025||||be |||||rm||||||| ||   |d</marc:controlfield><marc:controlfield tag="001">990036754610409161</marc:controlfield><marc:datafield tag="035" ind1=" " ind2=" "><marc:subfield code="a">(BE-GnUNI)003675461</marc:subfield></marc:datafield><marc:datafield tag="035" ind1=" " ind2=" "><marc:subfield code="a">(BE-GnUNI)003675461RUG01</marc:subfield></marc:datafield><marc:datafield tag="020" ind1=" " ind2=" "><marc:subfield code="a">9789463578721</marc:subfield></marc:datafield><marc:datafield tag="040" ind1=" " ind2=" "><marc:subfield code="a">BE-GnUNI</marc:subfield></marc:datafield><marc:datafield tag="100" ind1="1" ind2=" "><marc:subfield code="a">Slosse, Wannes,</marc:subfield><marc:subfield code="d">....-</marc:subfield><marc:subfield code="0">(ugent)</marc:subfield><marc:subfield code="0">(viaf)</marc:subfield></marc:datafield><marc:datafield tag="245" ind1="1" ind2="0"><marc:subfield code="a">Farming on the fringes :</marc:subfield><marc:subfield code="b">collective action in weak institutional environments /</marc:subfield><marc:subfield code="c">Wannes Slosse.</marc:subfield></marc:datafield><marc:datafield tag="246" ind1="2" ind2=" "><marc:subfield code="a">Boeren aan de buitenkant</marc:subfield><marc:subfield code="b">collectieve actie in zwakke institutionele omgevingen</marc:subfield></marc:datafield><marc:datafield tag="260" ind1=" " ind2=" "><marc:subfield code="c">2025.</marc:subfield></marc:datafield><marc:datafield tag="300" ind1=" " ind2=" "><marc:subfield code="a">Xviii, 258 p. : Ill.</marc:subfield></marc:datafield><marc:datafield tag="502" ind1=" " ind2=" "><marc:subfield code="a">Thesis submitted in fulfilment of the requirements for the interdisciplinary degree of Doctor(PhD) of Bioscience Engineering : Socioeconomics and of Economics</marc:subfield></marc:datafield><marc:datafield tag="710" ind1="2" ind2=" "><marc:subfield code="a">Ghent university</marc:subfield><marc:subfield code="b">Faculty of Bioscience Engineering</marc:subfield></marc:datafield><marc:datafield tag="700" ind1="1" ind2=" "><marc:subfield code="a">Buysse, Jeroen,</marc:subfield><marc:subfield code="d">1978-</marc:subfield><marc:subfield code="0">(ugent)801001542963</marc:subfield><marc:subfield code="0">(viaf)205235607</marc:subfield><marc:subfield code="e">promotor</marc:subfield></marc:datafield><marc:datafield tag="700" ind1="1" ind2=" "><marc:subfield code="a">D&apos;Haese, Marijke,</marc:subfield><marc:subfield code="d">1973-</marc:subfield><marc:subfield code="0">(ugent)801001152135</marc:subfield><marc:subfield code="0">(viaf)71104256</marc:subfield><marc:subfield code="e">promotor</marc:subfield></marc:datafield><marc:datafield tag="700" ind1="1" ind2=" "><marc:subfield code="a">Schoors, Koen,</marc:subfield><marc:subfield code="d">1968-</marc:subfield><marc:subfield code="0">(ugent)801000794750</marc:subfield><marc:subfield code="0">(viaf)30644310</marc:subfield><marc:subfield code="e">promotor</marc:subfield></marc:datafield><marc:datafield tag="920" ind1=" " ind2=" "><marc:subfield code="a">phd</marc:subfield></marc:datafield><marc:datafield tag="922" ind1=" " ind2=" "><marc:subfield code="a">UGENT-BW</marc:subfield></marc:datafield></marc:record>