<marc:record><marc:leader>01015njm a2200265 a 4500</marc:leader><marc:controlfield tag="005">20250918114927.0</marc:controlfield><marc:controlfield tag="008">250804nuuuuuuuuxx |||||#|||||||| | ger|d</marc:controlfield><marc:controlfield tag="001">990036754600409161</marc:controlfield><marc:datafield tag="028" ind1="1" ind2="0"><marc:subfield code="a">38172</marc:subfield><marc:subfield code="b">Parlophon</marc:subfield></marc:datafield><marc:datafield tag="028" ind1="1" ind2="0"><marc:subfield code="a">38173</marc:subfield><marc:subfield code="b">Parlophon</marc:subfield></marc:datafield><marc:datafield tag="028" ind1="2" ind2="0"><marc:subfield code="a">B. 37033</marc:subfield><marc:subfield code="b">Parlophon</marc:subfield></marc:datafield><marc:datafield tag="035" ind1=" " ind2=" "><marc:subfield code="a">(RUG01)003675460</marc:subfield></marc:datafield><marc:datafield tag="040" ind1=" " ind2=" "><marc:subfield code="a">BE-GnUNI</marc:subfield></marc:datafield><marc:datafield tag="245" ind1="0" ind2="0"><marc:subfield code="a">Rokoko. Empfindsamkeit /</marc:subfield><marc:subfield code="c">Aufbau Curt Sachs; Erwin Bodky (cembalo).</marc:subfield></marc:datafield><marc:datafield tag="260" ind1=" " ind2=" "><marc:subfield code="a">S.l. :</marc:subfield><marc:subfield code="b">Parlophon,</marc:subfield><marc:subfield code="c">n.d.</marc:subfield></marc:datafield><marc:datafield tag="300" ind1=" " ind2=" "><marc:subfield code="a">1 grammofoonplaat :</marc:subfield><marc:subfield code="b">78 rpm ;</marc:subfield><marc:subfield code="c">25 cm.</marc:subfield></marc:datafield><marc:datafield tag="490" ind1="0" ind2=" "><marc:subfield code="a">2000 Jahre Musik</marc:subfield></marc:datafield><marc:datafield tag="505" ind1="0" ind2=" "><marc:subfield code="a">La poule / Jean Phillippe Rameau; Erwin Bodky: Cembalo</marc:subfield></marc:datafield><marc:datafield tag="505" ind1="0" ind2=" "><marc:subfield code="a">Sarabande u. Gavotte aus der 5. französisch. Suite/ Johann Sebastian Bach ; Erwin Bodky: Klavichordsolo</marc:subfield></marc:datafield><marc:datafield tag="700" ind1="1" ind2=" "><marc:subfield code="a">Bach, Johann Sebastian,</marc:subfield><marc:subfield code="d">1685-1750</marc:subfield><marc:subfield code="0">(viaf)12304462</marc:subfield></marc:datafield><marc:datafield tag="700" ind1="1" ind2=" "><marc:subfield code="a">Rameau, Jean Philippe,</marc:subfield><marc:subfield code="d">1683-1764</marc:subfield><marc:subfield code="0">(viaf)39563041</marc:subfield><marc:subfield code="4">cmp</marc:subfield></marc:datafield><marc:datafield tag="700" ind1="1" ind2=" "><marc:subfield code="a">Bodky, Erwin,</marc:subfield><marc:subfield code="d">1896-1958</marc:subfield><marc:subfield code="0">(viaf)</marc:subfield><marc:subfield code="4">itr</marc:subfield></marc:datafield><marc:datafield tag="700" ind1="1" ind2=" "><marc:subfield code="a">Sachs, Curt,</marc:subfield><marc:subfield code="d">1881-1959</marc:subfield><marc:subfield code="0">(viaf)46802025</marc:subfield><marc:subfield code="4">ard</marc:subfield></marc:datafield><marc:datafield tag="710" ind1="2" ind2=" "><marc:subfield code="a">Carl Lindström A.G.</marc:subfield></marc:datafield><marc:datafield tag="920" ind1=" " ind2=" "><marc:subfield code="a">audio</marc:subfield></marc:datafield></marc:record>