<marc:record><marc:leader>02016ntm a2200289 a 4500</marc:leader><marc:controlfield tag="005">20250918120631.0</marc:controlfield><marc:controlfield tag="008">250805q13011350be |||||#|||||||| ||dum|d</marc:controlfield><marc:controlfield tag="001">990036754560409161</marc:controlfield><marc:datafield tag="035" ind1=" " ind2=" "><marc:subfield code="a">(RUG01)003675456</marc:subfield></marc:datafield><marc:datafield tag="040" ind1=" " ind2=" "><marc:subfield code="a">BE-GnUNI</marc:subfield></marc:datafield><marc:datafield tag="100" ind1="1" ind2=" "><marc:subfield code="a">Van Maerlant, Jacob,</marc:subfield><marc:subfield code="d">1235?-1300</marc:subfield><marc:subfield code="0">(viaf)56624842</marc:subfield></marc:datafield><marc:datafield tag="245" ind1="1" ind2="0"><marc:subfield code="a">Historie van Troyen [Fragment].</marc:subfield></marc:datafield><marc:datafield tag="246" ind1="2" ind2=" "><marc:subfield code="a">Istory van Troyen</marc:subfield></marc:datafield><marc:datafield tag="260" ind1=" " ind2=" "><marc:subfield code="a">Nederlanden,</marc:subfield><marc:subfield code="c">1e helft 14e eeuw.</marc:subfield></marc:datafield><marc:datafield tag="300" ind1=" " ind2=" "><marc:subfield code="a">1 f. ;</marc:subfield><marc:subfield code="c">142 x 202 mm.</marc:subfield></marc:datafield><marc:datafield tag="340" ind1=" " ind2=" "><marc:subfield code="a">Perkament</marc:subfield></marc:datafield><marc:datafield tag="500" ind1=" " ind2=" "><marc:subfield code="a">Zogenaamd &quot;fragment Daems&quot; van Jacob van Maerlant&apos;s Historie van Troyen. Het fragment werd gebruikt als schutblad in een onbekend gastvolume in het archief van de abdij van Tongerlo. Het werd rond 1891 ontdekt door Waltman van Spilbeeck, kanunnik van Tongerlo. Het fragment werd in 1891 aan de Koninklijke Academie voor Nederlandse Taal en Letteren geschonken door Servaas Daems, kanunnik van Tongerlo, die tevens het fragment redigeerde. Dit fragment werd voor het eerst gepubliceerd door N. De Pauw in zijn uitgave van &quot;Dit is die istory van Troyen&quot; in 1889-1891.</marc:subfield></marc:datafield><marc:datafield tag="561" ind1=" " ind2=" "><marc:subfield code="3">BHSL.HS.4957</marc:subfield><marc:subfield code="a">Herkomst: Abdij van Tongerloo 1891.</marc:subfield></marc:datafield><marc:datafield tag="561" ind1=" " ind2=" "><marc:subfield code="3">BHSL.HS.4957</marc:subfield><marc:subfield code="a">Herkomst: Koninklijke Academie voor Nederlandse Taal- en Letterkunde 20/03/2024.</marc:subfield></marc:datafield><marc:datafield tag="581" ind1=" " ind2=" "><marc:subfield code="a">Kienhorst, H., De handschriften van de Middelnederlandse ridderepiek, deel 1, Deventer, 1988, p. 204.</marc:subfield></marc:datafield><marc:datafield tag="581" ind1=" " ind2=" "><marc:subfield code="a">Daems, S., Nieuw ontdekt fragment van Maerlants &apos;Istory van Troyen&apos;, Verslagen en mededelingen van de Koninklijke Vlaamse Academie voor Taal- en Letterkunde (1891), p. 343-349.</marc:subfield></marc:datafield><marc:datafield tag="581" ind1=" " ind2=" "><marc:subfield code="a">Van Maerlant, Jacob, Napoleon De Pauw, e.a., Dit Is Die Istory Van Troyen, deel 4, Gent, 1889, p. 281-284.</marc:subfield></marc:datafield><marc:datafield tag="581" ind1=" " ind2=" "><marc:subfield code="a">Inventaris der handschriften toebehorende aan de Koninklijke Vlaamsche Academie voor Taal- en Letterkunde, Verslagen en mededelingen van de Koninklijke Vlaamse Academie voor Taal- en Letterkunde (1899), p. 91.</marc:subfield></marc:datafield><marc:datafield tag="591" ind1=" " ind2=" "><marc:subfield code="a">Bijzondere collecties</marc:subfield></marc:datafield><marc:datafield tag="591" ind1=" " ind2=" "><marc:subfield code="a">Medieval manuscripts</marc:subfield></marc:datafield><marc:datafield tag="655" ind1=" " ind2="7"><marc:subfield code="a">Manuscripts.</marc:subfield><marc:subfield code="2">UGENTSC</marc:subfield></marc:datafield><marc:datafield tag="920" ind1=" " ind2=" "><marc:subfield code="a">manuscript</marc:subfield></marc:datafield></marc:record>