<marc:record><marc:leader>01077nam a2200265 a 4500</marc:leader><marc:controlfield tag="005">20250918232115.0</marc:controlfield><marc:controlfield tag="008">250805s2025    gw |||||r|||||||| ||mul|d</marc:controlfield><marc:controlfield tag="001">990036754540409161</marc:controlfield><marc:datafield tag="020" ind1=" " ind2=" "><marc:subfield code="a">9783451329333</marc:subfield><marc:subfield code="q">hbk</marc:subfield></marc:datafield><marc:datafield tag="035" ind1=" " ind2=" "><marc:subfield code="a">(RUG01)003675454</marc:subfield></marc:datafield><marc:datafield tag="040" ind1=" " ind2=" "><marc:subfield code="a">BE-GnUNI</marc:subfield></marc:datafield><marc:datafield tag="041" ind1="1" ind2=" "><marc:subfield code="a">lat</marc:subfield><marc:subfield code="a">ger</marc:subfield><marc:subfield code="h">lat</marc:subfield></marc:datafield><marc:datafield tag="100" ind1="1" ind2=" "><marc:subfield code="a">Arbeo,</marc:subfield><marc:subfield code="c">Bisschop van Freising,</marc:subfield><marc:subfield code="d">723-784</marc:subfield><marc:subfield code="0">(viaf)226449847</marc:subfield></marc:datafield><marc:datafield tag="245" ind1="1" ind2="0"><marc:subfield code="a">Vita sancti Corbiniani /</marc:subfield><marc:subfield code="c">Arbeo von Freising; eingeleitet, übersetzt und kommentiert von Marc-Aeilko Aris.</marc:subfield></marc:datafield><marc:datafield tag="246" ind1="2" ind2=" "><marc:subfield code="a">Leben des heiligen Korbinian</marc:subfield></marc:datafield><marc:datafield tag="260" ind1=" " ind2=" "><marc:subfield code="a">Freiburg :</marc:subfield><marc:subfield code="b">Herder,</marc:subfield><marc:subfield code="c">2025.</marc:subfield></marc:datafield><marc:datafield tag="300" ind1=" " ind2=" "><marc:subfield code="a">249 p.</marc:subfield></marc:datafield><marc:datafield tag="490" ind1="0" ind2=" "><marc:subfield code="a">Fontes Christiani ;</marc:subfield><marc:subfield code="v">101</marc:subfield></marc:datafield><marc:datafield tag="504" ind1=" " ind2=" "><marc:subfield code="a">Includes bibliographical references (pages 231-236), glossary and index.</marc:subfield></marc:datafield><marc:datafield tag="546" ind1=" " ind2=" "><marc:subfield code="a">Tekst in Latijn met inleiding, vertaling en commentaar in het Duits</marc:subfield></marc:datafield><marc:datafield tag="600" ind1="0" ind2="0"><marc:subfield code="a">Corbinian,</marc:subfield><marc:subfield code="c">Saint,</marc:subfield><marc:subfield code="d">670-approximately 725</marc:subfield></marc:datafield><marc:datafield tag="650" ind1=" " ind2="0"><marc:subfield code="a">Christian saints</marc:subfield><marc:subfield code="z">France</marc:subfield><marc:subfield code="v">Biography</marc:subfield><marc:subfield code="v">Early works to 1800.</marc:subfield></marc:datafield><marc:datafield tag="650" ind1=" " ind2="0"><marc:subfield code="a">Christian saints</marc:subfield><marc:subfield code="z">Germany</marc:subfield><marc:subfield code="v">Biography</marc:subfield><marc:subfield code="v">Early works to 1800.</marc:subfield></marc:datafield><marc:datafield tag="700" ind1="1" ind2=" "><marc:subfield code="a">Aris, Marc-Aeilko,</marc:subfield><marc:subfield code="d">1959-</marc:subfield><marc:subfield code="0">(viaf)273709867</marc:subfield></marc:datafield><marc:datafield tag="920" ind1=" " ind2=" "><marc:subfield code="a">book</marc:subfield></marc:datafield></marc:record>