<marc:record><marc:leader>01228ntm a2200301 a 4500</marc:leader><marc:controlfield tag="005">20250918104524.0</marc:controlfield><marc:controlfield tag="008">090205s2024    be |||||rm||||||| ||eng|d</marc:controlfield><marc:controlfield tag="001">990036754500409161</marc:controlfield><marc:datafield tag="035" ind1=" " ind2=" "><marc:subfield code="a">(RUG01)003675450</marc:subfield></marc:datafield><marc:datafield tag="035" ind1=" " ind2=" "><marc:subfield code="a">(Plato)00215516</marc:subfield></marc:datafield><marc:datafield tag="040" ind1=" " ind2=" "><marc:subfield code="a">BE-GnUNI</marc:subfield></marc:datafield><marc:datafield tag="100" ind1="1" ind2=" "><marc:subfield code="a">De Meyer, Sander,</marc:subfield><marc:subfield code="d">2001-</marc:subfield><marc:subfield code="0">(ugent)01809159</marc:subfield><marc:subfield code="0">(viaf)</marc:subfield></marc:datafield><marc:datafield tag="245" ind1="1" ind2="0"><marc:subfield code="a">Hawking radiation in the Thirring model /</marc:subfield><marc:subfield code="c">Sander De Meyer.</marc:subfield></marc:datafield><marc:datafield tag="246" ind1="1" ind2=" "><marc:subfield code="a">Hawkingstraling in het Thirring Model</marc:subfield></marc:datafield><marc:datafield tag="260" ind1=" " ind2=" "><marc:subfield code="c">2024.</marc:subfield></marc:datafield><marc:datafield tag="300" ind1=" " ind2=" "><marc:subfield code="a">137 p.</marc:subfield></marc:datafield><marc:datafield tag="502" ind1=" " ind2=" "><marc:subfield code="a">Master&apos;s dissertation submitted in order to obtain the academic degree of Master of Science in Physics and Astronomy</marc:subfield></marc:datafield><marc:datafield tag="540" ind1=" " ind2=" "><marc:subfield code="a">UND</marc:subfield></marc:datafield><marc:datafield tag="599" ind1=" " ind2=" "><marc:subfield code="a">Access: Heden tot 9999-12-31: open</marc:subfield></marc:datafield><marc:datafield tag="599" ind1=" " ind2=" "><marc:subfield code="a">Score: open</marc:subfield></marc:datafield><marc:datafield tag="710" ind1="2" ind2=" "><marc:subfield code="a">Ghent University.</marc:subfield><marc:subfield code="b">Faculty of Sciences</marc:subfield></marc:datafield><marc:datafield tag="700" ind1="1" ind2=" "><marc:subfield code="a">Van Acoleyen, Karel,</marc:subfield><marc:subfield code="d">1977-</marc:subfield><marc:subfield code="0">(ugent)801001264592</marc:subfield><marc:subfield code="0">(viaf)</marc:subfield><marc:subfield code="e">promotor</marc:subfield></marc:datafield><marc:datafield tag="700" ind1="1" ind2=" "><marc:subfield code="a">Bultinck, Nick,</marc:subfield><marc:subfield code="d">1990-</marc:subfield><marc:subfield code="0">(ugent)802001601849</marc:subfield><marc:subfield code="0">(viaf)</marc:subfield><marc:subfield code="e">promotor</marc:subfield></marc:datafield><marc:datafield tag="700" ind1="1" ind2=" "><marc:subfield code="a">Maertens, Daan,</marc:subfield><marc:subfield code="d">1998-</marc:subfield><marc:subfield code="0">(ugent)01500157</marc:subfield><marc:subfield code="0">(viaf)</marc:subfield><marc:subfield code="e">supervisor</marc:subfield></marc:datafield><marc:datafield tag="856" ind1="4" ind2=" "><marc:subfield code="u">https://lib.ugent.be/fulltxt/RUG01/003/675/450/RUG01-003675450_2025_0001_AC.pdf</marc:subfield><marc:subfield code="3">Full text</marc:subfield><marc:subfield code="s">File size:</marc:subfield><marc:subfield code="x">Bron:plato</marc:subfield><marc:subfield code="x">Status:open</marc:subfield><marc:subfield code="x">Handtekening:afwezig</marc:subfield></marc:datafield><marc:datafield tag="920" ind1=" " ind2=" "><marc:subfield code="a">master</marc:subfield></marc:datafield><marc:datafield tag="922" ind1=" " ind2=" "><marc:subfield code="a">UGENT-WE</marc:subfield></marc:datafield><marc:datafield tag="922" ind1=" " ind2=" "><marc:subfield code="a">etd</marc:subfield></marc:datafield></marc:record>