<marc:record><marc:leader>00778nam a2200229u  4500</marc:leader><marc:controlfield tag="005">20250918232119.0</marc:controlfield><marc:controlfield tag="008">100511s1991    be |||||r|   |000 ||dut|c</marc:controlfield><marc:controlfield tag="001">990036754480409161</marc:controlfield><marc:datafield tag="020" ind1=" " ind2=" "><marc:subfield code="a">9052260605</marc:subfield></marc:datafield><marc:datafield tag="020" ind1=" " ind2=" "><marc:subfield code="a">9789052260600</marc:subfield></marc:datafield><marc:datafield tag="035" ind1=" " ind2=" "><marc:subfield code="a">(RUG01)003675448</marc:subfield></marc:datafield><marc:datafield tag="035" ind1=" " ind2=" "><marc:subfield code="a">(BeLVLBS)007564795LBS01-Aleph</marc:subfield></marc:datafield><marc:datafield tag="035" ind1=" " ind2=" "><marc:subfield code="a">VVI-223564</marc:subfield></marc:datafield><marc:datafield tag="040" ind1=" " ind2=" "><marc:subfield code="a">BeLVLBS</marc:subfield><marc:subfield code="b">Language of cataloging varies</marc:subfield><marc:subfield code="e">rda based</marc:subfield></marc:datafield><marc:datafield tag="100" ind1="1" ind2=" "><marc:subfield code="a">Mernissi, Fatima,</marc:subfield><marc:subfield code="d">1940-2015</marc:subfield><marc:subfield code="0">(viaf)49235809</marc:subfield><marc:subfield code="4">aut</marc:subfield></marc:datafield><marc:datafield tag="245" ind1="1" ind2="3"><marc:subfield code="a">De politieke harem :</marc:subfield><marc:subfield code="b">vrouwen en de profeet /</marc:subfield><marc:subfield code="c">Fatima Mernissi ; vertaald door Marianne Gossije.</marc:subfield></marc:datafield><marc:datafield tag="260" ind1=" " ind2=" "><marc:subfield code="a">Breda :</marc:subfield><marc:subfield code="b">De Geus,</marc:subfield><marc:subfield code="c">1991.</marc:subfield></marc:datafield><marc:datafield tag="264" ind1=" " ind2="1"><marc:subfield code="a">Breda :</marc:subfield><marc:subfield code="b">De Geus,</marc:subfield><marc:subfield code="c">1991.</marc:subfield></marc:datafield><marc:datafield tag="300" ind1=" " ind2=" "><marc:subfield code="a">284 p.</marc:subfield></marc:datafield><marc:datafield tag="700" ind1="1" ind2=" "><marc:subfield code="a">Gossije, Marianne,</marc:subfield><marc:subfield code="d">....-</marc:subfield><marc:subfield code="0">(viaf)316502594</marc:subfield><marc:subfield code="4">trl</marc:subfield></marc:datafield><marc:datafield tag="920" ind1=" " ind2=" "><marc:subfield code="a">book</marc:subfield></marc:datafield><marc:datafield tag="SID" ind1=" " ind2=" "><marc:subfield code="a">Z39</marc:subfield><marc:subfield code="b">32KUL_LIBIS_NETWORK</marc:subfield></marc:datafield></marc:record>