<marc:record><marc:leader>00788njm a2200229 a 4500</marc:leader><marc:controlfield tag="005">20250918114925.0</marc:controlfield><marc:controlfield tag="008">250804nuuuuuuuuxx |||||#|||||||| | eng|d</marc:controlfield><marc:controlfield tag="001">990036754450409161</marc:controlfield><marc:datafield tag="028" ind1="1" ind2="0"><marc:subfield code="a">2-4823 / A 36780</marc:subfield><marc:subfield code="b">Electrola</marc:subfield></marc:datafield><marc:datafield tag="028" ind1="1" ind2="0"><marc:subfield code="a">7-54755 / A 36782</marc:subfield><marc:subfield code="b">Electrola</marc:subfield></marc:datafield><marc:datafield tag="028" ind1="2" ind2="0"><marc:subfield code="a">E. G. 1136</marc:subfield><marc:subfield code="b">Electrola</marc:subfield></marc:datafield><marc:datafield tag="035" ind1=" " ind2=" "><marc:subfield code="a">(RUG01)003675445</marc:subfield></marc:datafield><marc:datafield tag="040" ind1=" " ind2=" "><marc:subfield code="a">BE-GnUNI</marc:subfield></marc:datafield><marc:datafield tag="245" ind1="0" ind2="0"><marc:subfield code="a">Benedictus (Bless the lord). Crucifixus /</marc:subfield><marc:subfield code="c">Dayton Westminster Chor.</marc:subfield></marc:datafield><marc:datafield tag="260" ind1=" " ind2=" "><marc:subfield code="a">S.l. :</marc:subfield><marc:subfield code="b">Electrola,</marc:subfield><marc:subfield code="c">n.d.</marc:subfield></marc:datafield><marc:datafield tag="300" ind1=" " ind2=" "><marc:subfield code="a">1 grammofoonplaat :</marc:subfield><marc:subfield code="b">78 rpm ;</marc:subfield><marc:subfield code="c">25 cm.</marc:subfield></marc:datafield><marc:datafield tag="505" ind1="0" ind2=" "><marc:subfield code="a">Benedictus / Chor in English</marc:subfield></marc:datafield><marc:datafield tag="505" ind1="0" ind2=" "><marc:subfield code="a">Crucifixus / Lotti; Chor in Lateinisch</marc:subfield></marc:datafield><marc:datafield tag="546" ind1=" " ind2=" "><marc:subfield code="a">Chor in Lateinisch. Chor in English</marc:subfield></marc:datafield><marc:datafield tag="700" ind1="1" ind2=" "><marc:subfield code="a">Lotti, Antonio,</marc:subfield><marc:subfield code="d">1666-1740</marc:subfield><marc:subfield code="0">(viaf)100314273</marc:subfield><marc:subfield code="4">cmp</marc:subfield></marc:datafield><marc:datafield tag="710" ind1="2" ind2=" "><marc:subfield code="a">Electrola Gesellschaft m.b.H.</marc:subfield></marc:datafield><marc:datafield tag="920" ind1=" " ind2=" "><marc:subfield code="a">audio</marc:subfield></marc:datafield></marc:record>