<marc:record><marc:leader>00865njm a2200241 a 4500</marc:leader><marc:controlfield tag="005">20250918114927.0</marc:controlfield><marc:controlfield tag="008">250804nuuuuuuuuxx |||||#|||||||| | eng|d</marc:controlfield><marc:controlfield tag="001">990036754360409161</marc:controlfield><marc:datafield tag="028" ind1="1" ind2="0"><marc:subfield code="a">A 7627 / 34158</marc:subfield><marc:subfield code="b">Columbia</marc:subfield></marc:datafield><marc:datafield tag="028" ind1="1" ind2="0"><marc:subfield code="a">A 7628 / 34156</marc:subfield><marc:subfield code="b">Columbia</marc:subfield></marc:datafield><marc:datafield tag="028" ind1="2" ind2="0"><marc:subfield code="a">5058</marc:subfield><marc:subfield code="b">Columbia</marc:subfield></marc:datafield><marc:datafield tag="035" ind1=" " ind2=" "><marc:subfield code="a">(RUG01)003675436</marc:subfield></marc:datafield><marc:datafield tag="040" ind1=" " ind2=" "><marc:subfield code="a">BE-GnUNI</marc:subfield></marc:datafield><marc:datafield tag="100" ind1="1" ind2=" "><marc:subfield code="a">Rossini, Gioacchino,</marc:subfield><marc:subfield code="d">1792-1868</marc:subfield><marc:subfield code="0">(viaf)34644407</marc:subfield><marc:subfield code="4">cmp</marc:subfield></marc:datafield><marc:datafield tag="245" ind1="1" ind2="0"><marc:subfield code="a">William Tell overture :</marc:subfield><marc:subfield code="b">1. Dawn; 2. The storm /</marc:subfield><marc:subfield code="c">Rossini; Henry J. wood; cond. the New Queen&apos;s Hall orchestra.</marc:subfield></marc:datafield><marc:datafield tag="260" ind1=" " ind2=" "><marc:subfield code="a">London :</marc:subfield><marc:subfield code="b">Columbia,</marc:subfield><marc:subfield code="c">n.d.</marc:subfield></marc:datafield><marc:datafield tag="300" ind1=" " ind2=" "><marc:subfield code="a">1 grammofoonplaat :</marc:subfield><marc:subfield code="b">78 rpm ;</marc:subfield><marc:subfield code="c">25 cm.</marc:subfield></marc:datafield><marc:datafield tag="490" ind1="0" ind2=" "><marc:subfield code="a">Magic notes</marc:subfield></marc:datafield><marc:datafield tag="500" ind1=" " ind2=" "><marc:subfield code="a">Proprs.: Chappell &amp; Co. Ltd.</marc:subfield></marc:datafield><marc:datafield tag="500" ind1=" " ind2=" "><marc:subfield code="a">Recorded in the Central Hall, Westminster</marc:subfield></marc:datafield><marc:datafield tag="700" ind1="1" ind2=" "><marc:subfield code="a">Wood, Henry Joseph,</marc:subfield><marc:subfield code="d">1869-1944</marc:subfield><marc:subfield code="0">(viaf)22330222</marc:subfield><marc:subfield code="4">cnd</marc:subfield></marc:datafield><marc:datafield tag="710" ind1="2" ind2=" "><marc:subfield code="a">Columbia Graphophone Co.</marc:subfield></marc:datafield><marc:datafield tag="920" ind1=" " ind2=" "><marc:subfield code="a">audio</marc:subfield></marc:datafield></marc:record>