<marc:record><marc:leader>02032nkm a2200469 a 4500</marc:leader><marc:controlfield tag="005">20250918121120.0</marc:controlfield><marc:controlfield tag="008">230823s1992    be ||| |     |#   i|dut|d</marc:controlfield><marc:controlfield tag="001">990036754350409161</marc:controlfield><marc:datafield tag="035" ind1=" " ind2=" "><marc:subfield code="a">(RUG01)003675435</marc:subfield></marc:datafield><marc:datafield tag="040" ind1=" " ind2=" "><marc:subfield code="a">BE-GnUNI</marc:subfield></marc:datafield><marc:datafield tag="245" ind1="0" ind2="0"><marc:subfield code="k">[photograph]</marc:subfield><marc:subfield code="a">Gentse Feesten. 1992. Openingsstoet Gentse Feesten.</marc:subfield></marc:datafield><marc:datafield tag="260" ind1=" " ind2=" "><marc:subfield code="c">1992.</marc:subfield></marc:datafield><marc:datafield tag="300" ind1=" " ind2=" "><marc:subfield code="a">36 fotoafdrukken van negatieven :</marc:subfield><marc:subfield code="b">kleur ;</marc:subfield><marc:subfield code="c">h 203 x b 254 mm.</marc:subfield></marc:datafield><marc:datafield tag="340" ind1=" " ind2=" "><marc:subfield code="a">Papier</marc:subfield></marc:datafield><marc:datafield tag="500" ind1=" " ind2=" "><marc:subfield code="a">Geen datum op de foto, datering op basis van afzonderlijke foto&apos;s in de collectie</marc:subfield></marc:datafield><marc:datafield tag="505" ind1="2" ind2=" "><marc:subfield code="a">02. Eretribune</marc:subfield></marc:datafield><marc:datafield tag="505" ind1="2" ind2=" "><marc:subfield code="a">03.-06. Twee acteurs verkleed als Jansen en Janssen. Foto nr. 6 komt overeen met BIB.FOT.024595</marc:subfield></marc:datafield><marc:datafield tag="505" ind1="2" ind2=" "><marc:subfield code="a">09. Praalwagen &apos;De Peupeshow méé Gust De Rycke&apos;</marc:subfield></marc:datafield><marc:datafield tag="505" ind1="2" ind2=" "><marc:subfield code="a">14.-16. Will Ferdy</marc:subfield></marc:datafield><marc:datafield tag="505" ind1="2" ind2=" "><marc:subfield code="a">19.-20. Praalwagen &apos;Hij leerde zijn volk tegenstemmen&apos;</marc:subfield></marc:datafield><marc:datafield tag="505" ind1="2" ind2=" "><marc:subfield code="a">21.-24. Praalwagen Teater Exces. Foto nr. 24 komt overeen met BIB.FOT.024602</marc:subfield></marc:datafield><marc:datafield tag="505" ind1="2" ind2=" "><marc:subfield code="a">25. Vuurspuwer</marc:subfield></marc:datafield><marc:datafield tag="505" ind1="2" ind2=" "><marc:subfield code="a">27.-30. Pierke Pierlala (Luk De Bruyker) overhandigt een tekening aan schepen Rudy Van Quaquebeke</marc:subfield></marc:datafield><marc:datafield tag="505" ind1="2" ind2=" "><marc:subfield code="a">31.-32. Volksdansgroep</marc:subfield></marc:datafield><marc:datafield tag="540" ind1=" " ind2=" "><marc:subfield code="a">INC</marc:subfield></marc:datafield><marc:datafield tag="541" ind1=" " ind2=" "><marc:subfield code="3">BIB.FOT.024699</marc:subfield><marc:subfield code="c">Veiling</marc:subfield><marc:subfield code="a">Pictura (Gent)</marc:subfield><marc:subfield code="d">25/06/2018</marc:subfield><marc:subfield code="e">Lotnr. 370</marc:subfield></marc:datafield><marc:datafield tag="591" ind1=" " ind2=" "><marc:subfield code="a">Bijzondere collecties</marc:subfield></marc:datafield><marc:datafield tag="662" ind1=" " ind2=" "><marc:subfield code="a">België</marc:subfield><marc:subfield code="d">Gent</marc:subfield><marc:subfield code="0">(bpost)9000</marc:subfield><marc:subfield code="0">(tgn)7007887</marc:subfield></marc:datafield><marc:datafield tag="650" ind1=" " ind2="7"><marc:subfield code="a">Performing arts.</marc:subfield><marc:subfield code="2">UGENTSC</marc:subfield></marc:datafield><marc:datafield tag="650" ind1=" " ind2="7"><marc:subfield code="a">Parades and processions.</marc:subfield><marc:subfield code="2">UGENTSC</marc:subfield></marc:datafield><marc:datafield tag="655" ind1=" " ind2="7"><marc:subfield code="a">Photographs.</marc:subfield><marc:subfield code="2">UGENTSC</marc:subfield></marc:datafield><marc:datafield tag="700" ind1="1" ind2=" "><marc:subfield code="a">Scheire, Wim,</marc:subfield><marc:subfield code="d">1953-</marc:subfield><marc:subfield code="0">(viaf)0</marc:subfield><marc:subfield code="4">pht</marc:subfield></marc:datafield><marc:datafield tag="700" ind1="1" ind2=" "><marc:subfield code="a">Beke, Frank,</marc:subfield><marc:subfield code="d">1946-</marc:subfield><marc:subfield code="0">(viaf)163961513</marc:subfield><marc:subfield code="4">dpc</marc:subfield></marc:datafield><marc:datafield tag="700" ind1="1" ind2=" "><marc:subfield code="a">Temmerman, Gilbert,</marc:subfield><marc:subfield code="d">1928-2012</marc:subfield><marc:subfield code="0">(viaf)281486654</marc:subfield><marc:subfield code="4">dpc</marc:subfield></marc:datafield><marc:datafield tag="700" ind1="1" ind2=" "><marc:subfield code="a">Neirynck, Freek,</marc:subfield><marc:subfield code="d">1949-2019</marc:subfield><marc:subfield code="0">(viaf)28457335</marc:subfield><marc:subfield code="4">dpc</marc:subfield></marc:datafield><marc:datafield tag="700" ind1="1" ind2=" "><marc:subfield code="a">De Bruyker, Luk,</marc:subfield><marc:subfield code="d">1953-</marc:subfield><marc:subfield code="0">(viaf)0</marc:subfield><marc:subfield code="4">dpc</marc:subfield></marc:datafield><marc:datafield tag="700" ind1="1" ind2=" "><marc:subfield code="a">Ferdy, Will,</marc:subfield><marc:subfield code="d">1927-2022</marc:subfield><marc:subfield code="0">(viaf)58272480</marc:subfield><marc:subfield code="g">artiestennaam van Werner Ferdinande</marc:subfield><marc:subfield code="4">dpc</marc:subfield></marc:datafield><marc:datafield tag="700" ind1="1" ind2=" "><marc:subfield code="a">Vandewalle, Patrick,</marc:subfield><marc:subfield code="d">1952-</marc:subfield><marc:subfield code="0">(viaf)0</marc:subfield><marc:subfield code="4">dpc</marc:subfield></marc:datafield><marc:datafield tag="700" ind1="1" ind2=" "><marc:subfield code="a">Van Quaquebeke, Rudy,</marc:subfield><marc:subfield code="d">1952-2012</marc:subfield><marc:subfield code="0">(viaf)289460117</marc:subfield><marc:subfield code="4">dpc</marc:subfield></marc:datafield><marc:datafield tag="710" ind1="2" ind2=" "><marc:subfield code="a">Teater Exces</marc:subfield></marc:datafield><marc:datafield tag="710" ind1="2" ind2=" "><marc:subfield code="a">Rol-action (Gentbrugge)</marc:subfield></marc:datafield><marc:datafield tag="920" ind1=" " ind2=" "><marc:subfield code="a">image</marc:subfield></marc:datafield></marc:record>