<marc:record><marc:leader>01164njm a2200265 a 4500</marc:leader><marc:controlfield tag="005">20250918114927.0</marc:controlfield><marc:controlfield tag="008">250731nuuuuuuuuxx |||||#|||||||| | eng|d</marc:controlfield><marc:controlfield tag="001">990036754310409161</marc:controlfield><marc:datafield tag="028" ind1="1" ind2="0"><marc:subfield code="a">MRA.431-1</marc:subfield><marc:subfield code="b">Decca</marc:subfield></marc:datafield><marc:datafield tag="028" ind1="1" ind2="0"><marc:subfield code="a">MRA.432-1</marc:subfield><marc:subfield code="b">Decca</marc:subfield></marc:datafield><marc:datafield tag="028" ind1="2" ind2="0"><marc:subfield code="a">AX.323</marc:subfield><marc:subfield code="b">Decca</marc:subfield></marc:datafield><marc:datafield tag="035" ind1=" " ind2=" "><marc:subfield code="a">(RUG01)003675431</marc:subfield></marc:datafield><marc:datafield tag="040" ind1=" " ind2=" "><marc:subfield code="a">BE-GnUNI</marc:subfield></marc:datafield><marc:datafield tag="100" ind1="1" ind2=" "><marc:subfield code="a">Bach, Johann Sebastian,</marc:subfield><marc:subfield code="d">1685-1750</marc:subfield><marc:subfield code="0">(viaf)12304462</marc:subfield><marc:subfield code="4">cmp</marc:subfield></marc:datafield><marc:datafield tag="245" ind1="1" ind2="0"><marc:subfield code="a">Brandenburg concerto no. 6 in B flat major /</marc:subfield><marc:subfield code="c">Bach; the Stuttgart chamber orchestra; cond. Karl Münchinger; violas: Heinz Kirchner &amp; Franz Beyer; violoncello: Siegfried Barchet.</marc:subfield></marc:datafield><marc:datafield tag="260" ind1=" " ind2=" "><marc:subfield code="a">S.l. :</marc:subfield><marc:subfield code="b">Decca,</marc:subfield><marc:subfield code="c">n.d.</marc:subfield></marc:datafield><marc:datafield tag="300" ind1=" " ind2=" "><marc:subfield code="a">1 grammofoonplaat :</marc:subfield><marc:subfield code="b">78 rpm ;</marc:subfield><marc:subfield code="c">30 cm.</marc:subfield></marc:datafield><marc:datafield tag="500" ind1=" " ind2=" "><marc:subfield code="3">LWDEP.SHEL.1513</marc:subfield><marc:subfield code="a">Schade</marc:subfield></marc:datafield><marc:datafield tag="505" ind1="0" ind2=" "><marc:subfield code="a">3. Brandenburg concerto no. 6 in B flat major; 2nd mov.: allegro ma non troppo (part 1)</marc:subfield></marc:datafield><marc:datafield tag="505" ind1="0" ind2=" "><marc:subfield code="a">4. Brandenburg concerto no. 6 in B flat major; 2nd mov.: allegro (concl.)</marc:subfield></marc:datafield><marc:datafield tag="700" ind1="1" ind2=" "><marc:subfield code="a">Münchinger, Karl,</marc:subfield><marc:subfield code="d">1915-1990</marc:subfield><marc:subfield code="0">(viaf)39562770</marc:subfield></marc:datafield><marc:datafield tag="700" ind1="1" ind2=" "><marc:subfield code="a">Kirchner, Heinz,</marc:subfield><marc:subfield code="d">1909-</marc:subfield><marc:subfield code="0">(viaf)19246738</marc:subfield><marc:subfield code="4">itr</marc:subfield></marc:datafield><marc:datafield tag="700" ind1="1" ind2=" "><marc:subfield code="a">Beyer, Franz,</marc:subfield><marc:subfield code="d">1922-2018</marc:subfield><marc:subfield code="0">(viaf)112825242</marc:subfield></marc:datafield><marc:datafield tag="700" ind1="1" ind2=" "><marc:subfield code="a">Barchel, Siegfried,</marc:subfield><marc:subfield code="d">1818-1982</marc:subfield><marc:subfield code="0">(viaf)119187911</marc:subfield></marc:datafield><marc:datafield tag="920" ind1=" " ind2=" "><marc:subfield code="a">audio</marc:subfield></marc:datafield></marc:record>