<marc:record><marc:leader>01013nkm a2200265 a 4500</marc:leader><marc:controlfield tag="005">20250918121121.0</marc:controlfield><marc:controlfield tag="008">230823s1992    be ||| |     |#   i|dut|d</marc:controlfield><marc:controlfield tag="001">990036754290409161</marc:controlfield><marc:datafield tag="035" ind1=" " ind2=" "><marc:subfield code="a">(RUG01)003675429</marc:subfield></marc:datafield><marc:datafield tag="040" ind1=" " ind2=" "><marc:subfield code="a">BE-GnUNI</marc:subfield></marc:datafield><marc:datafield tag="245" ind1="0" ind2="0"><marc:subfield code="k">[photograph]</marc:subfield><marc:subfield code="a">Gentse Feesten. 1992. Nieuw Gents Volkstoneel. &quot;Leve de Lotto&quot;.</marc:subfield></marc:datafield><marc:datafield tag="260" ind1=" " ind2=" "><marc:subfield code="c">1992.</marc:subfield></marc:datafield><marc:datafield tag="300" ind1=" " ind2=" "><marc:subfield code="a">1 foto :</marc:subfield><marc:subfield code="b">zwart-wit ;</marc:subfield><marc:subfield code="c">afbeelding h 168 x b 229 mm, bladrand h 178 x b 239 mm.</marc:subfield></marc:datafield><marc:datafield tag="340" ind1=" " ind2=" "><marc:subfield code="a">Papier</marc:subfield></marc:datafield><marc:datafield tag="500" ind1=" " ind2=" "><marc:subfield code="a">Datum op de keerzijde van de foto: 16/7/92</marc:subfield></marc:datafield><marc:datafield tag="500" ind1=" " ind2=" "><marc:subfield code="a">Stempel op de keerzijde van de foto: &apos;Foto-persagentschap der Vlaanderen. Persfotografie Paul Dewulf [...] Waarschoot&apos;</marc:subfield></marc:datafield><marc:datafield tag="540" ind1=" " ind2=" "><marc:subfield code="a">INC</marc:subfield></marc:datafield><marc:datafield tag="541" ind1=" " ind2=" "><marc:subfield code="3">BIB.FOT.024696</marc:subfield><marc:subfield code="c">Veiling</marc:subfield><marc:subfield code="a">Pictura (Gent)</marc:subfield><marc:subfield code="d">25/06/2018</marc:subfield><marc:subfield code="e">Lotnr. 370</marc:subfield></marc:datafield><marc:datafield tag="591" ind1=" " ind2=" "><marc:subfield code="a">Bijzondere collecties</marc:subfield></marc:datafield><marc:datafield tag="662" ind1=" " ind2=" "><marc:subfield code="a">België</marc:subfield><marc:subfield code="d">Gent</marc:subfield><marc:subfield code="0">(bpost)9000</marc:subfield><marc:subfield code="0">(tgn)7007887</marc:subfield></marc:datafield><marc:datafield tag="650" ind1=" " ind2="7"><marc:subfield code="a">Performing arts.</marc:subfield><marc:subfield code="2">UGENTSC</marc:subfield></marc:datafield><marc:datafield tag="655" ind1=" " ind2="7"><marc:subfield code="a">Photographs.</marc:subfield><marc:subfield code="2">UGENTSC</marc:subfield></marc:datafield><marc:datafield tag="700" ind1="1" ind2=" "><marc:subfield code="a">Dewulf, Paul,</marc:subfield><marc:subfield code="d">....-</marc:subfield><marc:subfield code="0">(viaf)0</marc:subfield><marc:subfield code="4">pht</marc:subfield></marc:datafield><marc:datafield tag="710" ind1="2" ind2=" "><marc:subfield code="a">Nieuw Gents Volkstoneel</marc:subfield></marc:datafield><marc:datafield tag="920" ind1=" " ind2=" "><marc:subfield code="a">image</marc:subfield></marc:datafield></marc:record>