<marc:record><marc:leader>02004nam a22002655i 4500</marc:leader><marc:controlfield tag="005">20251020135248.0</marc:controlfield><marc:controlfield tag="008">240805s2025    nyu    |r    |000 ||eng||</marc:controlfield><marc:controlfield tag="001">990036754280409161</marc:controlfield><marc:datafield tag="SID" ind1=" " ind2=" "><marc:subfield code="a">Z39</marc:subfield><marc:subfield code="b">LOC</marc:subfield></marc:datafield><marc:datafield tag="010" ind1=" " ind2=" "><marc:subfield code="a">2024943853</marc:subfield></marc:datafield><marc:datafield tag="020" ind1=" " ind2=" "><marc:subfield code="a">9780192843623</marc:subfield><marc:subfield code="q">(hardback)</marc:subfield></marc:datafield><marc:datafield tag="020" ind1=" " ind2=" "><marc:subfield code="z">9780191926266</marc:subfield></marc:datafield><marc:datafield tag="020" ind1=" " ind2=" "><marc:subfield code="q">(epub)</marc:subfield><marc:subfield code="z">9780192655691</marc:subfield></marc:datafield><marc:datafield tag="035" ind1=" " ind2=" "><marc:subfield code="a">(RUG01)003675428</marc:subfield></marc:datafield><marc:datafield tag="035" ind1=" " ind2=" "><marc:subfield code="a">23811385</marc:subfield></marc:datafield><marc:datafield tag="040" ind1=" " ind2=" "><marc:subfield code="a">DLC</marc:subfield><marc:subfield code="b">eng</marc:subfield><marc:subfield code="c">DLC</marc:subfield><marc:subfield code="e">rda</marc:subfield></marc:datafield><marc:datafield tag="042" ind1=" " ind2=" "><marc:subfield code="a">pcc</marc:subfield></marc:datafield><marc:datafield tag="100" ind1="1" ind2=" "><marc:subfield code="a">Alasuutari, Pertti,</marc:subfield><marc:subfield code="d">....-</marc:subfield><marc:subfield code="0">(viaf)</marc:subfield><marc:subfield code="4">aut</marc:subfield></marc:datafield><marc:datafield tag="245" ind1="1" ind2="0"><marc:subfield code="a">National parliaments as a global institution :</marc:subfield><marc:subfield code="b">an institutionalist view /</marc:subfield><marc:subfield code="c">Pertti Alasuutari.</marc:subfield></marc:datafield><marc:datafield tag="260" ind1=" " ind2=" "><marc:subfield code="a">New York (N.Y.) :</marc:subfield><marc:subfield code="b">Oxford university press,</marc:subfield><marc:subfield code="c">2025.</marc:subfield></marc:datafield><marc:datafield tag="263" ind1=" " ind2=" "><marc:subfield code="a">2502</marc:subfield></marc:datafield><marc:datafield tag="264" ind1=" " ind2="1"><marc:subfield code="a">New York :</marc:subfield><marc:subfield code="b">Oxford University Press,</marc:subfield><marc:subfield code="c">2025.</marc:subfield></marc:datafield><marc:datafield tag="300" ind1=" " ind2=" "><marc:subfield code="a">VI, 204 p.</marc:subfield></marc:datafield><marc:datafield tag="520" ind1=" " ind2=" "><marc:subfield code="a">&quot;Countries all over the world make decisions of national and international importance in a national parliament. Today, for a country to have a national parliament is a global norm, but this has only been the case for the last few hundred years. The development of this remarkable uniformity has seen national parliaments become a global institution. National Parliaments as a Global Institution scrutinizes how the current world order comprising national legislatures evolved, how parliaments work, and how they form a global network or field for the transfer of ideas and information. It highlights the remarkably similar structures and practices of national parliaments all around the world, with even the opening words of a session replicating those of other parliaments, and the four sacred principles that define national parliaments as an institution: national sovereignty, parliamentary immunity, the national interest or common good, and the sanctity of fellow parliamentarians. By considering national parliaments as a global institution, Pertti Alasuutari explores how legislatures symbolize, sanctify, and naturalize the nation-state as the component part of world society&quot;--</marc:subfield><marc:subfield code="c">Provided by publisher.</marc:subfield></marc:datafield><marc:datafield tag="920" ind1=" " ind2=" "><marc:subfield code="a">book</marc:subfield></marc:datafield></marc:record>