<marc:record><marc:leader>02033cam a2200277 c 4500</marc:leader><marc:controlfield tag="005">20251017121452.0</marc:controlfield><marc:controlfield tag="008">250527s2025    xx |||||r    |00| ||fre|c</marc:controlfield><marc:controlfield tag="001">990036754170409161</marc:controlfield><marc:datafield tag="SID" ind1=" " ind2=" "><marc:subfield code="a">Z39</marc:subfield><marc:subfield code="b">K10PLUS</marc:subfield></marc:datafield><marc:datafield tag="020" ind1=" " ind2=" "><marc:subfield code="a">9782073106469</marc:subfield><marc:subfield code="q">9782073106469</marc:subfield></marc:datafield><marc:datafield tag="020" ind1=" " ind2=" "><marc:subfield code="z">978207310649</marc:subfield></marc:datafield><marc:datafield tag="035" ind1=" " ind2=" "><marc:subfield code="a">(RUG01)003675417</marc:subfield></marc:datafield><marc:datafield tag="040" ind1=" " ind2=" "><marc:subfield code="a">DE-627</marc:subfield><marc:subfield code="b">ger</marc:subfield><marc:subfield code="c">DE-627</marc:subfield><marc:subfield code="e">rda</marc:subfield></marc:datafield><marc:datafield tag="041" ind1=" " ind2=" "><marc:subfield code="a">fre</marc:subfield></marc:datafield><marc:datafield tag="100" ind1="1" ind2=" "><marc:subfield code="a">Van Rysselberghe, Théo,</marc:subfield><marc:subfield code="d">1862-1926</marc:subfield><marc:subfield code="0">(viaf)7406836</marc:subfield></marc:datafield><marc:datafield tag="245" ind1="1" ind2="0"><marc:subfield code="a">Correspondance avec André Gide et les siens: 1899-1926 /</marc:subfield><marc:subfield code="c">édition établié, présentée et annotée par Pierre Masson et Peter Schnyder.</marc:subfield></marc:datafield><marc:datafield tag="260" ind1=" " ind2=" "><marc:subfield code="a">Paris :</marc:subfield><marc:subfield code="b">Gallimard,</marc:subfield><marc:subfield code="c">[2025].</marc:subfield></marc:datafield><marc:datafield tag="264" ind1=" " ind2="1"><marc:subfield code="a">Paris :</marc:subfield><marc:subfield code="b">Gallimard,</marc:subfield><marc:subfield code="c">[2025].</marc:subfield></marc:datafield><marc:datafield tag="264" ind1=" " ind2="4"><marc:subfield code="c">© 2025</marc:subfield></marc:datafield><marc:datafield tag="300" ind1=" " ind2=" "><marc:subfield code="a">463 p. :</marc:subfield><marc:subfield code="b">1 ill.</marc:subfield></marc:datafield><marc:datafield tag="490" ind1="0" ind2=" "><marc:subfield code="a">Les inédits de la fondation des Treilles</marc:subfield><marc:subfield code="v">3</marc:subfield></marc:datafield><marc:datafield tag="520" ind1=" " ind2=" "><marc:subfield code="a">L&apos;histoire de l&apos;amitié qui a uni André Gide et le peintre belge néo-impressionniste Théo Van Rysselberghe ne peut se raconter sans qu&apos;on évoque la femme de ce dernier, Maria Van Rysselberghe. C&apos;est par le charme de ce couple que Gide a été conquis. Si Maria a acquis auprès de l&apos;écrivain une place privilégiée, c&apos;est bien Théo, par son talent et son esprit d&apos;ouverture à l&apos;égard des autres créateurs, qui a constitué pour Gide un passeur idéal vers le monde de l&apos;art : le peintre n a-t-il pas reconnu en lui une figure tutélaire du monde littéraire et artistique, en le plaçant dès 1903 au centre de son grand tableau-manifeste Une lecture ? Cette correspondance, témoignage d&apos;une intimité, renforcée par la proximité entre Gide et Élisabeth Van Rysselberghe- la fille de Théo- , qui devait finalement provoquer la rupture entre les deux hommes, rend compte de leurs réflexions sur l&apos;oeuvre à accomplir selon l&apos;idéal propre à « l&apos;esprit NRF » : la recherche patiente de la qualité, sans compromis ni compromissions</marc:subfield></marc:datafield><marc:datafield tag="700" ind1="1" ind2=" "><marc:subfield code="a">Gide, André,</marc:subfield><marc:subfield code="d">1869-1951</marc:subfield><marc:subfield code="0">(viaf)96973963</marc:subfield></marc:datafield><marc:datafield tag="700" ind1="1" ind2=" "><marc:subfield code="a">Masson, Pierre,</marc:subfield><marc:subfield code="d">1948-</marc:subfield><marc:subfield code="0">(viaf)48150770</marc:subfield></marc:datafield><marc:datafield tag="700" ind1="1" ind2=" "><marc:subfield code="a">Schnyder, Peter,</marc:subfield><marc:subfield code="d">1946-</marc:subfield><marc:subfield code="0">(viaf)4946705</marc:subfield></marc:datafield><marc:datafield tag="920" ind1=" " ind2=" "><marc:subfield code="a">book</marc:subfield></marc:datafield></marc:record>