<marc:record><marc:leader>02545nam a2200277 a 4500</marc:leader><marc:controlfield tag="005">20250918232112.0</marc:controlfield><marc:controlfield tag="008">250804s2024    be |||||r|||||||| ||mul|d</marc:controlfield><marc:controlfield tag="001">990036754120409161</marc:controlfield><marc:datafield tag="020" ind1=" " ind2=" "><marc:subfield code="a">9782503607177</marc:subfield></marc:datafield><marc:datafield tag="035" ind1=" " ind2=" "><marc:subfield code="a">(RUG01)003675412</marc:subfield></marc:datafield><marc:datafield tag="040" ind1=" " ind2=" "><marc:subfield code="a">BE-GnUNI</marc:subfield></marc:datafield><marc:datafield tag="041" ind1="0" ind2=" "><marc:subfield code="a">eng</marc:subfield><marc:subfield code="a">ara</marc:subfield><marc:subfield code="h">ara</marc:subfield></marc:datafield><marc:datafield tag="050" ind1=" " ind2="4"><marc:subfield code="a">QB41</marc:subfield><marc:subfield code="b">.P86 2024</marc:subfield></marc:datafield><marc:datafield tag="100" ind1="1" ind2=" "><marc:subfield code="a">Hullmeine, Paul,</marc:subfield><marc:subfield code="d">....-</marc:subfield><marc:subfield code="0">(viaf)35172122475603161652</marc:subfield></marc:datafield><marc:datafield tag="245" ind1="1" ind2="0"><marc:subfield code="a">Ptolemy&apos;s cosmology in Greek and Arabic :</marc:subfield><marc:subfield code="b">the background and legacy of the Planetary hypotheses /</marc:subfield><marc:subfield code="c">Paul Hullmeine.</marc:subfield></marc:datafield><marc:datafield tag="260" ind1=" " ind2=" "><marc:subfield code="a">Turnhout :</marc:subfield><marc:subfield code="b">Brepols,</marc:subfield><marc:subfield code="c">2024.</marc:subfield></marc:datafield><marc:datafield tag="300" ind1=" " ind2=" "><marc:subfield code="a">479 p.: ill.</marc:subfield></marc:datafield><marc:datafield tag="490" ind1="0" ind2=" "><marc:subfield code="a">Ptolemaeus arabus et latinus. Texts ;</marc:subfield><marc:subfield code="v">4</marc:subfield></marc:datafield><marc:datafield tag="505" ind1="0" ind2=" "><marc:subfield code="a">Introduction -- Astronomy, natural philosophy, and the physical reality of the celestial bodies -- The dynamics of celestial motions -- Conclusion -- The Arabic version of the Planetary hypotheses: edition and translation -- Commentary -- Glossary.</marc:subfield></marc:datafield><marc:datafield tag="520" ind1=" " ind2=" "><marc:subfield code="a">&apos;Ptolemy&apos;s Almagest (2nd century AD) is the most influential work of ancient and medieval astronomy. This work, however, does not tell us the full story about its author&apos;s views of the heavens. After completing the Almagest, Ptolemy turned his attention to a physical investigation of celestial motions. The result is the Planetary Hypotheses, a bold attempt to provide a celestial physics that coheres with the mathematical account of astronomical observations in his Almagest.This book provides the first complete critical edition and English translation of the Arabic version of the Planetary Hypotheses, which is lost for the most part in its original Greek. It furthermore provides an extensive commentary on the whole work, which situates the Planetary Hypotheses within the context of its time and investigates philosophical ideas central to the work. These include the epistemic value of mathematics relative to natural philosophy, and the shape, number, and dynamics of the celestial bodies. The book also investigates the influence of the Planetary Hypotheses on a wide range of medieval Arabic astronomical and philosophical works from the 9th to the 13th century AD. The upshot is to establish the Planetary Hypotheses as a crucial text for understanding the history of philosophy and science from Greek antiquity to the Arabic Middle Ages&apos; - from cover.</marc:subfield></marc:datafield><marc:datafield tag="546" ind1=" " ind2=" "><marc:subfield code="a">Tekst in Arabisch met inleiding, vertaling en commentaar in het Engels</marc:subfield></marc:datafield><marc:datafield tag="650" ind1=" " ind2="0"><marc:subfield code="a">Astronomy, Ancient.</marc:subfield></marc:datafield><marc:datafield tag="650" ind1=" " ind2="0"><marc:subfield code="a">Astronomy, Arab.</marc:subfield></marc:datafield><marc:datafield tag="650" ind1=" " ind2="0"><marc:subfield code="a">Astronomy, Medieval.</marc:subfield></marc:datafield><marc:datafield tag="700" ind1="1" ind2=" "><marc:subfield code="a">Ptolemaeus, Claudius,</marc:subfield><marc:subfield code="d">100?-178</marc:subfield><marc:subfield code="0">(viaf)54152998</marc:subfield></marc:datafield><marc:datafield tag="920" ind1=" " ind2=" "><marc:subfield code="a">book</marc:subfield></marc:datafield></marc:record>