<marc:record><marc:leader>02119nam a2200289ui 4500</marc:leader><marc:controlfield tag="005">20250918232110.0</marc:controlfield><marc:controlfield tag="008">250308s2025    gw a   |r|   |000 ||ger|d</marc:controlfield><marc:controlfield tag="001">990036754110409161</marc:controlfield><marc:datafield tag="020" ind1=" " ind2=" "><marc:subfield code="a">9783515137751</marc:subfield></marc:datafield><marc:datafield tag="035" ind1=" " ind2=" "><marc:subfield code="a">(RUG01)003675411</marc:subfield></marc:datafield><marc:datafield tag="035" ind1=" " ind2=" "><marc:subfield code="a">on1505968767</marc:subfield></marc:datafield><marc:datafield tag="035" ind1=" " ind2=" "><marc:subfield code="a">(BeLVLBS)9994435414901471</marc:subfield></marc:datafield><marc:datafield tag="040" ind1=" " ind2=" "><marc:subfield code="a">OHX</marc:subfield><marc:subfield code="b">eng</marc:subfield></marc:datafield><marc:datafield tag="245" ind1="0" ind2="0"><marc:subfield code="a">Johannes Lydos&apos; De magistratibus :</marc:subfield><marc:subfield code="b">Autor - Werk - Kontext /</marc:subfield><marc:subfield code="c">herausgegeben von Christoph Begass.</marc:subfield></marc:datafield><marc:datafield tag="260" ind1=" " ind2=" "><marc:subfield code="a">Stuttgart :</marc:subfield><marc:subfield code="b">Steiner,</marc:subfield><marc:subfield code="c">2025.</marc:subfield></marc:datafield><marc:datafield tag="264" ind1=" " ind2="1"><marc:subfield code="a">Stuttgart :</marc:subfield><marc:subfield code="b">Franz Steiner Verlag,</marc:subfield><marc:subfield code="c">2025.</marc:subfield></marc:datafield><marc:datafield tag="264" ind1=" " ind2="4"><marc:subfield code="c">©2025</marc:subfield></marc:datafield><marc:datafield tag="300" ind1=" " ind2=" "><marc:subfield code="a">243 p.: ill.</marc:subfield></marc:datafield><marc:datafield tag="490" ind1="0" ind2=" "><marc:subfield code="a">Roma aeterna</marc:subfield><marc:subfield code="v">17</marc:subfield></marc:datafield><marc:datafield tag="504" ind1=" " ind2=" "><marc:subfield code="a">Includes bibliographical references and indexes.</marc:subfield></marc:datafield><marc:datafield tag="520" ind1="3" ind2=" "><marc:subfield code="a">Johannes Lydos&apos; Werk De magistratibus ist eine der zentralen Quellen zur Organisation des Römischen Reiches in der Spätantike. Durch die zahlreichen historischen Exkurse bietet es zudem eine Fülle an Informationen zur Geschichte vieler ziviler und militärischer Ämter. Die Beiträge dieses Bandes widmen sich umfassend De magistratibus, untersuchen aber auch die Zusammenhänge mit Lydos&apos; weiteren überlieferten Schriften De mensibus und De ostentis.Nach einer Einführung, die De magistratibus forschungs- und wissenschaftsgeschichtlich einordnet, beschäftigen sich die Autoren mit Lydos&apos; Bild von Konstantinopel und seinem Konzept des spätantiken Kaisertums. Anschließend setzen sie den oft nur als Kompilator verstandenen Lydos als Historiograph ins Bild. Weitere Beiträge behandeln Lydos&apos; Darstellung der (christlichen) Religion in De magistratibus, De mensibus und De ostentis. Den Abschluss bilden Studien zu Verwaltung und Recht des Oströmischen Reiches im 6. Jahrhundert n. Chr. und zur Kirchengeschichtsschreibung.</marc:subfield></marc:datafield><marc:datafield tag="546" ind1=" " ind2=" "><marc:subfield code="a">5 German, 3 English contributions.</marc:subfield></marc:datafield><marc:datafield tag="600" ind1="0" ind2="0"><marc:subfield code="a">Iohannes Laurentius Lydus</marc:subfield><marc:subfield code="d">490-approximately 565</marc:subfield></marc:datafield><marc:datafield tag="600" ind1="1" ind2="0"><marc:subfield code="a">Lydus, Johannes Laurentius,</marc:subfield><marc:subfield code="d">490-approximately 565.</marc:subfield><marc:subfield code="t">De magistratibus populi Romani libri tres.</marc:subfield><marc:subfield code="l">English &amp; Greek</marc:subfield></marc:datafield><marc:datafield tag="700" ind1="1" ind2=" "><marc:subfield code="a">Begass, Christoph,</marc:subfield><marc:subfield code="d">....-</marc:subfield><marc:subfield code="0">(viaf)29152682495623312136</marc:subfield></marc:datafield><marc:datafield tag="920" ind1=" " ind2=" "><marc:subfield code="a">book</marc:subfield></marc:datafield><marc:datafield tag="SID" ind1=" " ind2=" "><marc:subfield code="a">Z39</marc:subfield><marc:subfield code="b">32KUL_LIBIS_NETWORK</marc:subfield></marc:datafield></marc:record>