<marc:record><marc:leader>01153ntm a2200229 a 4500</marc:leader><marc:controlfield tag="005">20250917100817.0</marc:controlfield><marc:controlfield tag="008">231222|2025||||be |||||rm||||||| ||   |d</marc:controlfield><marc:controlfield tag="001">990036754090409161</marc:controlfield><marc:datafield tag="020" ind1=" " ind2=" "><marc:subfield code="a">9789463578837</marc:subfield></marc:datafield><marc:datafield tag="035" ind1=" " ind2=" "><marc:subfield code="a">(RUG01)003675409</marc:subfield></marc:datafield><marc:datafield tag="040" ind1=" " ind2=" "><marc:subfield code="a">BE-GnUNI</marc:subfield></marc:datafield><marc:datafield tag="100" ind1="1" ind2=" "><marc:subfield code="a">Afolabi, Oluwatoyin Oluwakemi,</marc:subfield><marc:subfield code="d">1969-</marc:subfield><marc:subfield code="0">(ugent)00708003</marc:subfield><marc:subfield code="0">(viaf)</marc:subfield></marc:datafield><marc:datafield tag="245" ind1="1" ind2="0"><marc:subfield code="a">The rice sheath rot disease complex in Mali and Nigeria :</marc:subfield><marc:subfield code="b">exploring rols and interactions of Fusarium and Sarocladium species /</marc:subfield><marc:subfield code="c">Oluwatoyin Oluwakemi Afolabi.</marc:subfield></marc:datafield><marc:datafield tag="246" ind1="2" ind2=" "><marc:subfield code="a">Het complex van pathogenen die &quot;sheath rot&quot; veroorzaken bij rijst in Mali en Nigeria</marc:subfield><marc:subfield code="b">onderzoek naar de rol en interacties van Fusarium- en Sarocladium-soorten</marc:subfield></marc:datafield><marc:datafield tag="260" ind1=" " ind2=" "><marc:subfield code="c">2025.</marc:subfield></marc:datafield><marc:datafield tag="300" ind1=" " ind2=" "><marc:subfield code="a">Xviii, 197 p. : Ill.</marc:subfield></marc:datafield><marc:datafield tag="502" ind1=" " ind2=" "><marc:subfield code="a">A dissertation submitted to Ghent University in fulfilment of the requirements for the degree of Doctor of Bioscience Engineering</marc:subfield></marc:datafield><marc:datafield tag="710" ind1="2" ind2=" "><marc:subfield code="a">Ghent university</marc:subfield><marc:subfield code="b">Faculty of Bioscience Engineering</marc:subfield></marc:datafield><marc:datafield tag="700" ind1="1" ind2=" "><marc:subfield code="a">Höfte, Monica,</marc:subfield><marc:subfield code="d">1961-</marc:subfield><marc:subfield code="0">(ugent)801000753425</marc:subfield><marc:subfield code="0">(viaf)213506844</marc:subfield><marc:subfield code="e">promotor</marc:subfield></marc:datafield><marc:datafield tag="700" ind1="1" ind2=" "><marc:subfield code="a">Audenaert, Kris,</marc:subfield><marc:subfield code="d">1974-</marc:subfield><marc:subfield code="0">(ugent)801001189016</marc:subfield><marc:subfield code="0">(viaf)203701203</marc:subfield><marc:subfield code="e">copromotor</marc:subfield></marc:datafield><marc:datafield tag="920" ind1=" " ind2=" "><marc:subfield code="a">phd</marc:subfield></marc:datafield><marc:datafield tag="922" ind1=" " ind2=" "><marc:subfield code="a">UGENT-BW</marc:subfield></marc:datafield></marc:record>