<marc:record><marc:leader>01023nam a2200253 a 4500</marc:leader><marc:controlfield tag="005">20250918232118.0</marc:controlfield><marc:controlfield tag="008">250804s2025    fr |||||r|||||||| ||mul|d</marc:controlfield><marc:controlfield tag="001">990036754070409161</marc:controlfield><marc:datafield tag="020" ind1=" " ind2=" "><marc:subfield code="a">9782251006673</marc:subfield><marc:subfield code="q">pbk</marc:subfield></marc:datafield><marc:datafield tag="035" ind1=" " ind2=" "><marc:subfield code="a">(RUG01)003675407</marc:subfield></marc:datafield><marc:datafield tag="040" ind1=" " ind2=" "><marc:subfield code="a">BE-GnUNI</marc:subfield></marc:datafield><marc:datafield tag="041" ind1="1" ind2=" "><marc:subfield code="a">fre</marc:subfield><marc:subfield code="a">grc</marc:subfield><marc:subfield code="h">grc</marc:subfield></marc:datafield><marc:datafield tag="050" ind1=" " ind2="4"><marc:subfield code="a">PA3874.A7</marc:subfield><marc:subfield code="b">F7 2025</marc:subfield></marc:datafield><marc:datafield tag="100" ind1="1" ind2=" "><marc:subfield code="a">Aristides, Aelius,</marc:subfield><marc:subfield code="d">117-187</marc:subfield><marc:subfield code="0">(viaf)89043754</marc:subfield></marc:datafield><marc:datafield tag="245" ind1="1" ind2="0"><marc:subfield code="a">En l&apos;honneur de Rome (Discours 26) /</marc:subfield><marc:subfield code="c">Aelius Aristide; texte établi, traduit et commenté par Laurent Pernot; avec la collaboration de Matteo Di Franco.</marc:subfield></marc:datafield><marc:datafield tag="260" ind1=" " ind2=" "><marc:subfield code="a">Paris :</marc:subfield><marc:subfield code="b">Belles Lettres,</marc:subfield><marc:subfield code="c">2025.</marc:subfield></marc:datafield><marc:datafield tag="300" ind1=" " ind2=" "><marc:subfield code="a">CCLXV, 316 p.</marc:subfield></marc:datafield><marc:datafield tag="490" ind1="0" ind2=" "><marc:subfield code="a">Collection des universités de France. Série grècque ;</marc:subfield><marc:subfield code="v">582</marc:subfield></marc:datafield><marc:datafield tag="546" ind1=" " ind2=" "><marc:subfield code="a">Tekst in Grieks met inleiding, vertaling en commentaar in het Frans</marc:subfield></marc:datafield><marc:datafield tag="650" ind1=" " ind2="0"><marc:subfield code="a">Emperors</marc:subfield><marc:subfield code="z">Rome</marc:subfield><marc:subfield code="v">Early works to 1800</marc:subfield></marc:datafield><marc:datafield tag="651" ind1=" " ind2="0"><marc:subfield code="a">Rome</marc:subfield><marc:subfield code="x">Civilization</marc:subfield><marc:subfield code="v">Early works to 1800.</marc:subfield></marc:datafield><marc:datafield tag="700" ind1="1" ind2=" "><marc:subfield code="a">Pernot, Laurent,</marc:subfield><marc:subfield code="d">1955-</marc:subfield><marc:subfield code="0">(viaf)64136250</marc:subfield></marc:datafield><marc:datafield tag="700" ind1="1" ind2=" "><marc:subfield code="a">Di Franco, Matteo,</marc:subfield><marc:subfield code="d">1988-</marc:subfield><marc:subfield code="0">(viaf)52153124260724490389</marc:subfield></marc:datafield><marc:datafield tag="920" ind1=" " ind2=" "><marc:subfield code="a">book</marc:subfield></marc:datafield></marc:record>