<marc:record><marc:leader>00879njm a2200229 a 4500</marc:leader><marc:controlfield tag="005">20250918114927.0</marc:controlfield><marc:controlfield tag="008">250731nuuuuuuuuxx |||||#|||||||| | eng|d</marc:controlfield><marc:controlfield tag="001">990036754060409161</marc:controlfield><marc:datafield tag="028" ind1="1" ind2="0"><marc:subfield code="a">MRA.424-1</marc:subfield><marc:subfield code="b">Decca</marc:subfield></marc:datafield><marc:datafield tag="028" ind1="1" ind2="0"><marc:subfield code="a">MRA.427-1</marc:subfield><marc:subfield code="b">Decca</marc:subfield></marc:datafield><marc:datafield tag="028" ind1="2" ind2="0"><marc:subfield code="a">AX.315</marc:subfield><marc:subfield code="b">Decca</marc:subfield></marc:datafield><marc:datafield tag="035" ind1=" " ind2=" "><marc:subfield code="a">(RUG01)003675406</marc:subfield></marc:datafield><marc:datafield tag="040" ind1=" " ind2=" "><marc:subfield code="a">BE-GnUNI</marc:subfield></marc:datafield><marc:datafield tag="100" ind1="1" ind2=" "><marc:subfield code="a">Bach, Johann Sebastian,</marc:subfield><marc:subfield code="d">1685-1750</marc:subfield><marc:subfield code="0">(viaf)12304462</marc:subfield><marc:subfield code="4">cmp</marc:subfield></marc:datafield><marc:datafield tag="245" ind1="1" ind2="0"><marc:subfield code="a">Suite no. 3 in D major, 1st movement; 4th mov., 5th mov. /</marc:subfield><marc:subfield code="c">Bach; the Stuttgart chamber orchestra; cond. Karl Münchinger.</marc:subfield></marc:datafield><marc:datafield tag="260" ind1=" " ind2=" "><marc:subfield code="a">S.l. :</marc:subfield><marc:subfield code="b">Decca,</marc:subfield><marc:subfield code="c">n.d.</marc:subfield></marc:datafield><marc:datafield tag="300" ind1=" " ind2=" "><marc:subfield code="a">1 grammofoonplaat :</marc:subfield><marc:subfield code="b">78 rpm ;</marc:subfield><marc:subfield code="c">30 cm.</marc:subfield></marc:datafield><marc:datafield tag="500" ind1=" " ind2=" "><marc:subfield code="3">LWDEP.SHEL.1510</marc:subfield><marc:subfield code="a">Schade</marc:subfield></marc:datafield><marc:datafield tag="505" ind1="0" ind2=" "><marc:subfield code="a">2. Suite no. 3 in D major: 1st mov.: overture, concl</marc:subfield></marc:datafield><marc:datafield tag="505" ind1="0" ind2=" "><marc:subfield code="a">5. Suite no. 3 in D major: 4th mov.: bourrée, 5th mov.: gigue</marc:subfield></marc:datafield><marc:datafield tag="700" ind1="1" ind2=" "><marc:subfield code="a">Münchinger, Karl,</marc:subfield><marc:subfield code="d">1915-1990</marc:subfield><marc:subfield code="0">(viaf)39562770</marc:subfield></marc:datafield><marc:datafield tag="920" ind1=" " ind2=" "><marc:subfield code="a">audio</marc:subfield></marc:datafield></marc:record>