<marc:record><marc:leader>01032nam a2200277 a 4500</marc:leader><marc:controlfield tag="005">20250918232110.0</marc:controlfield><marc:controlfield tag="008">250804s2025    fr |||||r|||||||| ||mul|d</marc:controlfield><marc:controlfield tag="001">990036754050409161</marc:controlfield><marc:datafield tag="020" ind1=" " ind2=" "><marc:subfield code="a">9782251006642</marc:subfield><marc:subfield code="q">v.1</marc:subfield></marc:datafield><marc:datafield tag="035" ind1=" " ind2=" "><marc:subfield code="a">(RUG01)003675405</marc:subfield></marc:datafield><marc:datafield tag="040" ind1=" " ind2=" "><marc:subfield code="a">BE-GnUNI</marc:subfield></marc:datafield><marc:datafield tag="041" ind1="1" ind2=" "><marc:subfield code="a">fre</marc:subfield><marc:subfield code="a">grc</marc:subfield><marc:subfield code="h">grc</marc:subfield></marc:datafield><marc:datafield tag="050" ind1=" " ind2="4"><marc:subfield code="a">BS2617</marc:subfield><marc:subfield code="b">.N66 2025</marc:subfield></marc:datafield><marc:datafield tag="050" ind1=" " ind2="4"><marc:subfield code="a">PA3641</marc:subfield><marc:subfield code="b">.N66 2025</marc:subfield></marc:datafield><marc:datafield tag="050" ind1=" " ind2="4"><marc:subfield code="a">PA4251</marc:subfield><marc:subfield code="b">.F7 2025</marc:subfield></marc:datafield><marc:datafield tag="100" ind1="1" ind2=" "><marc:subfield code="a">Nonnus Panopolitanus,</marc:subfield><marc:subfield code="d">5th century</marc:subfield><marc:subfield code="0">(viaf)34461071</marc:subfield></marc:datafield><marc:datafield tag="245" ind1="1" ind2="0"><marc:subfield code="a">Paraphrase de l&apos;Évangile selon Jean /</marc:subfield><marc:subfield code="c">Nonnos de Panopolis; texte établi par Christophe Cusset; traduit par Marie-Christine Fayant.</marc:subfield></marc:datafield><marc:datafield tag="260" ind1=" " ind2=" "><marc:subfield code="a">Paris :</marc:subfield><marc:subfield code="b">Belles Lettres,</marc:subfield><marc:subfield code="c">2025.</marc:subfield></marc:datafield><marc:datafield tag="300" ind1=" " ind2=" "><marc:subfield code="a">V.</marc:subfield></marc:datafield><marc:datafield tag="490" ind1="0" ind2=" "><marc:subfield code="a">Collection des universités de France. Série grècque ;</marc:subfield><marc:subfield code="v">580</marc:subfield></marc:datafield><marc:datafield tag="505" ind1="2" ind2=" "><marc:subfield code="a">1. Chants I-VI</marc:subfield></marc:datafield><marc:datafield tag="546" ind1=" " ind2=" "><marc:subfield code="a">Tekst in Grieks met inleiding, vertaling en commentaar in het Frans</marc:subfield></marc:datafield><marc:datafield tag="630" ind1="0" ind2="0"><marc:subfield code="a">Bible.</marc:subfield><marc:subfield code="p">John</marc:subfield><marc:subfield code="v">Paraphrases.</marc:subfield></marc:datafield><marc:datafield tag="700" ind1="1" ind2=" "><marc:subfield code="a">Cusset, Christophe,</marc:subfield><marc:subfield code="d">1966-</marc:subfield><marc:subfield code="0">(viaf)9986506</marc:subfield></marc:datafield><marc:datafield tag="700" ind1="1" ind2=" "><marc:subfield code="a">Fayant, Marie-Christine,</marc:subfield><marc:subfield code="d">1954-</marc:subfield><marc:subfield code="0">(viaf)24745355</marc:subfield></marc:datafield><marc:datafield tag="920" ind1=" " ind2=" "><marc:subfield code="a">book</marc:subfield></marc:datafield></marc:record>