<marc:record><marc:leader>02311nam a2200289 a 4500</marc:leader><marc:controlfield tag="005">20250918232118.0</marc:controlfield><marc:controlfield tag="008">250804s2025    fr |||||r|||||||| ||mul|d</marc:controlfield><marc:controlfield tag="001">990036754010409161</marc:controlfield><marc:datafield tag="020" ind1=" " ind2=" "><marc:subfield code="a">9782251006666</marc:subfield><marc:subfield code="q">pbk</marc:subfield></marc:datafield><marc:datafield tag="035" ind1=" " ind2=" "><marc:subfield code="a">(RUG01)003675401</marc:subfield></marc:datafield><marc:datafield tag="040" ind1=" " ind2=" "><marc:subfield code="a">BE-GnUNI</marc:subfield></marc:datafield><marc:datafield tag="041" ind1="1" ind2=" "><marc:subfield code="a">fre</marc:subfield><marc:subfield code="a">grc</marc:subfield><marc:subfield code="h">grc</marc:subfield></marc:datafield><marc:datafield tag="050" ind1=" " ind2="4"><marc:subfield code="a">PA3641</marc:subfield><marc:subfield code="b">.X46 2025</marc:subfield></marc:datafield><marc:datafield tag="050" ind1=" " ind2="4"><marc:subfield code="a">PA4494.F7</marc:subfield><marc:subfield code="b">C6 2025</marc:subfield></marc:datafield><marc:datafield tag="100" ind1="1" ind2=" "><marc:subfield code="a">Xenophon Atheniensis,</marc:subfield><marc:subfield code="d">430? B.C.-354 B.C.</marc:subfield><marc:subfield code="0">(viaf)89597697</marc:subfield></marc:datafield><marc:datafield tag="245" ind1="1" ind2="0"><marc:subfield code="a">Constitution des Lacédémoniens /</marc:subfield><marc:subfield code="c">Xénophon; texte tabli par Davide Muratore; traduit et commenté par Jean Ducat.</marc:subfield></marc:datafield><marc:datafield tag="260" ind1=" " ind2=" "><marc:subfield code="a">Paris :</marc:subfield><marc:subfield code="b">Belles Lettres,</marc:subfield><marc:subfield code="c">2025.</marc:subfield></marc:datafield><marc:datafield tag="300" ind1=" " ind2=" "><marc:subfield code="a">CI, 337 p.</marc:subfield></marc:datafield><marc:datafield tag="490" ind1="0" ind2=" "><marc:subfield code="a">Collection des universités de France. Série grècque ;</marc:subfield><marc:subfield code="v">581</marc:subfield></marc:datafield><marc:datafield tag="520" ind1=" " ind2=" "><marc:subfield code="a">&quot;La Constitution des Lacédémoniens, plutôt qu&apos;un traité constitutionnel, est un éloge des institutions et des moeurs spartiates, dont Lycurgue, le législateur légendaire, est l&apos;inspirateur. Xénophon y manifeste une vive admiration pour la cité qui l&apos;accueillit, et décrit quelques-unes des pratiques qui font de Sparte un modèle politique pour qui aime l&apos;oligarchie. Xénophon procède à l&apos;inventaire des coutumes et des usages qui ont fait la force de Lacédémone. Ancrée dans le temps des origines, cette description met en scène un monde spartiate figé dans une perfection intemporelle, respectant, génération après génération, des moeurs identiques. Ce sont donc les façons d&apos;être des Spartiates - et non la distribution institutionnelle de l&apos;archè - qui sont l&apos;objet principal du traité. La Constitution des Lacédémoniens jette cependant un regard désenchanté sur une cité que Xénophon a connue de l&apos;intérieur. Le présent fait irruption, donnant le spectacle d&apos;une politeia spartiate à la dérive. Rien ne va désormais plus dans la Sparte hégémonique des années 390-375, où le pouvoir et l&apos;argent corompent les âmes des Lacédémoniens&quot;--Publisher&apos;s website.</marc:subfield></marc:datafield><marc:datafield tag="546" ind1=" " ind2=" "><marc:subfield code="a">Tekst in Grieks met inleiding, vertaling en commentaar in het Frans</marc:subfield></marc:datafield><marc:datafield tag="651" ind1=" " ind2="0"><marc:subfield code="a">Sparta (Extinct city)</marc:subfield><marc:subfield code="x">In literature.</marc:subfield></marc:datafield><marc:datafield tag="651" ind1=" " ind2="0"><marc:subfield code="a">Sparta (Extinct city)</marc:subfield><marc:subfield code="x">Politics and government.</marc:subfield></marc:datafield><marc:datafield tag="651" ind1=" " ind2="0"><marc:subfield code="a">Sparta (Extinct city)</marc:subfield><marc:subfield code="x">Social life and customs.</marc:subfield></marc:datafield><marc:datafield tag="700" ind1="1" ind2=" "><marc:subfield code="a">Muratore, Davide,</marc:subfield><marc:subfield code="d">1968-</marc:subfield><marc:subfield code="0">(viaf)17367593</marc:subfield></marc:datafield><marc:datafield tag="700" ind1="1" ind2=" "><marc:subfield code="a">Ducat, Jean,</marc:subfield><marc:subfield code="d">1933-2024</marc:subfield><marc:subfield code="0">(viaf)88699020</marc:subfield></marc:datafield><marc:datafield tag="920" ind1=" " ind2=" "><marc:subfield code="a">book</marc:subfield></marc:datafield></marc:record>