<marc:record><marc:leader>01079ntm a2200241 a 4500</marc:leader><marc:controlfield tag="005">20250917100819.0</marc:controlfield><marc:controlfield tag="008">231222|2025||||be |||||rm||||||| ||   |d</marc:controlfield><marc:controlfield tag="001">990036754000409161</marc:controlfield><marc:datafield tag="020" ind1=" " ind2=" "><marc:subfield code="a">9789463578592</marc:subfield></marc:datafield><marc:datafield tag="035" ind1=" " ind2=" "><marc:subfield code="a">(RUG01)003675400</marc:subfield></marc:datafield><marc:datafield tag="040" ind1=" " ind2=" "><marc:subfield code="a">BE-GnUNI</marc:subfield></marc:datafield><marc:datafield tag="100" ind1="1" ind2=" "><marc:subfield code="a">Chopda, Rushab,</marc:subfield><marc:subfield code="d">....-</marc:subfield><marc:subfield code="0">(ugent)</marc:subfield><marc:subfield code="0">(viaf)</marc:subfield></marc:datafield><marc:datafield tag="245" ind1="1" ind2="0"><marc:subfield code="a">Harnessing green and blue bioeconomies :</marc:subfield><marc:subfield code="b">grass and seaweed valorization /</marc:subfield><marc:subfield code="c">Rushab Chopda.</marc:subfield></marc:datafield><marc:datafield tag="246" ind1="2" ind2=" "><marc:subfield code="a">Benutting van de groene en blauwe bio-economie</marc:subfield><marc:subfield code="b">waardebepaling van gras en zeewier</marc:subfield></marc:datafield><marc:datafield tag="260" ind1=" " ind2=" "><marc:subfield code="c">2025.</marc:subfield></marc:datafield><marc:datafield tag="300" ind1=" " ind2=" "><marc:subfield code="a">Xx, 229 p. : Ill.</marc:subfield></marc:datafield><marc:datafield tag="502" ind1=" " ind2=" "><marc:subfield code="a">Thesis submitted in fulfilment of the requirements for the degree of Doctor (PhD) of Bioscience Engineering</marc:subfield></marc:datafield><marc:datafield tag="710" ind1="2" ind2=" "><marc:subfield code="a">Ghent University</marc:subfield><marc:subfield code="b">Faculty of Bioscience Engineering</marc:subfield><marc:subfield code="b">Re-Source (Lab for bioresource recovery)</marc:subfield></marc:datafield><marc:datafield tag="700" ind1="1" ind2=" "><marc:subfield code="a">Meers, Erik,</marc:subfield><marc:subfield code="d">1976-</marc:subfield><marc:subfield code="0">(ugent)801001502446</marc:subfield><marc:subfield code="0">(viaf)245206442</marc:subfield><marc:subfield code="e">promotor</marc:subfield></marc:datafield><marc:datafield tag="700" ind1="1" ind2=" "><marc:subfield code="a">Speelman, Stijn,</marc:subfield><marc:subfield code="d">1979-</marc:subfield><marc:subfield code="0">(ugent)801001756363</marc:subfield><marc:subfield code="0">(viaf)160575986</marc:subfield><marc:subfield code="e">promotor</marc:subfield></marc:datafield><marc:datafield tag="700" ind1="1" ind2=" "><marc:subfield code="a">Aguilar, Ana Robles,</marc:subfield><marc:subfield code="d">....-</marc:subfield><marc:subfield code="0">(viaf)185146029591635822057</marc:subfield><marc:subfield code="e">promotor</marc:subfield></marc:datafield><marc:datafield tag="920" ind1=" " ind2=" "><marc:subfield code="a">phd</marc:subfield></marc:datafield><marc:datafield tag="922" ind1=" " ind2=" "><marc:subfield code="a">UGENT-BW</marc:subfield></marc:datafield></marc:record>