<marc:record><marc:leader>00531nam a2200169 a 4500</marc:leader><marc:controlfield tag="005">20250926162923.0</marc:controlfield><marc:controlfield tag="008">250804|||||||||xx |||||r|||||||| ||eng|d</marc:controlfield><marc:controlfield tag="001">990036753970409161</marc:controlfield><marc:datafield tag="020" ind1=" " ind2=" "><marc:subfield code="a">9781934586396</marc:subfield><marc:subfield code="q">pbk</marc:subfield><marc:subfield code="q">v.1</marc:subfield></marc:datafield><marc:datafield tag="035" ind1=" " ind2=" "><marc:subfield code="a">(RUG01)003675397</marc:subfield></marc:datafield><marc:datafield tag="040" ind1=" " ind2=" "><marc:subfield code="a">BE-GnUNI</marc:subfield></marc:datafield><marc:datafield tag="100" ind1="1" ind2=" "><marc:subfield code="a">Dykes, Benjamin N.,</marc:subfield><marc:subfield code="d">....-</marc:subfield><marc:subfield code="0">(viaf)120460345</marc:subfield></marc:datafield><marc:datafield tag="245" ind1="1" ind2="0"><marc:subfield code="a">Astrology of the world /</marc:subfield><marc:subfield code="c">translated &amp; edited by Benjamin N. Dykes.</marc:subfield></marc:datafield><marc:datafield tag="260" ind1=" " ind2=" "><marc:subfield code="a">Minneapolis (Minn.) :</marc:subfield><marc:subfield code="a">2013.</marc:subfield><marc:subfield code="b">Cazimi press</marc:subfield></marc:datafield><marc:datafield tag="300" ind1=" " ind2=" "><marc:subfield code="a">v.: ill.</marc:subfield></marc:datafield><marc:datafield tag="505" ind1="0" ind2=" "><marc:subfield code="a">1. The ptolemaic inheritance</marc:subfield></marc:datafield><marc:datafield tag="920" ind1=" " ind2=" "><marc:subfield code="a">book</marc:subfield></marc:datafield></marc:record>