<marc:record><marc:leader>02978cam a22003618i 4500</marc:leader><marc:controlfield tag="005">20250918232116.0</marc:controlfield><marc:controlfield tag="008">240808s2024    mau    |rb   |001 ||mul||</marc:controlfield><marc:controlfield tag="001">990036753960409161</marc:controlfield><marc:datafield tag="010" ind1=" " ind2=" "><marc:subfield code="a">2024003697</marc:subfield></marc:datafield><marc:datafield tag="020" ind1=" " ind2=" "><marc:subfield code="a">9780674997639</marc:subfield><marc:subfield code="q">hbk</marc:subfield></marc:datafield><marc:datafield tag="035" ind1=" " ind2=" "><marc:subfield code="a">(RUG01)003675396</marc:subfield></marc:datafield><marc:datafield tag="035" ind1=" " ind2=" "><marc:subfield code="a">23816659</marc:subfield></marc:datafield><marc:datafield tag="040" ind1=" " ind2=" "><marc:subfield code="a">UPB/DLC</marc:subfield><marc:subfield code="b">eng</marc:subfield><marc:subfield code="c">DLC</marc:subfield><marc:subfield code="e">rda</marc:subfield></marc:datafield><marc:datafield tag="041" ind1="1" ind2=" "><marc:subfield code="a">eng</marc:subfield><marc:subfield code="a">lat</marc:subfield><marc:subfield code="h">lat</marc:subfield></marc:datafield><marc:datafield tag="042" ind1=" " ind2=" "><marc:subfield code="a">pcc</marc:subfield></marc:datafield><marc:datafield tag="050" ind1="0" ind2="0"><marc:subfield code="a">PA6798</marc:subfield><marc:subfield code="b">.A2 2024</marc:subfield></marc:datafield><marc:datafield tag="082" ind1="0" ind2="0"><marc:subfield code="a">937</marc:subfield><marc:subfield code="2">23/eng/20240812</marc:subfield></marc:datafield><marc:datafield tag="100" ind1="1" ind2=" "><marc:subfield code="a">Velleius Paterculus, Caius,</marc:subfield><marc:subfield code="d">19? B.C.-30? A.D.</marc:subfield><marc:subfield code="0">(viaf)100171160</marc:subfield></marc:datafield><marc:datafield tag="245" ind1="1" ind2="0"><marc:subfield code="a">Velleius Paterculus /</marc:subfield><marc:subfield code="c">edited and translated by A. J. Woodman.</marc:subfield></marc:datafield><marc:datafield tag="260" ind1=" " ind2=" "><marc:subfield code="a">Cambridge (Mass.) :</marc:subfield><marc:subfield code="b">Harvard university press,</marc:subfield><marc:subfield code="c">2024.</marc:subfield></marc:datafield><marc:datafield tag="264" ind1=" " ind2="1"><marc:subfield code="a">Cambridge, Massachusetts ;</marc:subfield><marc:subfield code="a">London, England :</marc:subfield><marc:subfield code="b">Harvard University Press,</marc:subfield><marc:subfield code="c">2024.</marc:subfield></marc:datafield><marc:datafield tag="300" ind1=" " ind2=" "><marc:subfield code="a">XLVIII, 383 p.</marc:subfield></marc:datafield><marc:datafield tag="490" ind1="0" ind2=" "><marc:subfield code="a">The Loeb classical library ;</marc:subfield><marc:subfield code="v">152</marc:subfield></marc:datafield><marc:datafield tag="504" ind1=" " ind2=" "><marc:subfield code="a">Includes bibliographical references and index.</marc:subfield></marc:datafield><marc:datafield tag="520" ind1=" " ind2=" "><marc:subfield code="a">&quot;The histories of Velleius Paterculus chronicle the story of Rome and Roman culture from the fall of Troy to AD 30. Although his work&apos;s title, proem, and opening chapters are lost along with the narrative from Romulus to the Battle of Pydna in 168 BC, Velleius provides much valuable information, especially about the reigns of Augustus and Tiberius (30 BC-AD 37), for which he provides our only extant historical depiction by a contemporary witness. Velleius was also an active participant: after service under both emperors as a military tribune in Thrace, Macedonia, Greece, and Asia Minor and as a cavalry officer and legatus in Germany and Pannonia, he joined Tiberius at his triumph in AD 12 and became praetor in 15, after which he seems to have retired from public life except for meetings of the senate. Much like his near-contemporaries Cornelius Nepos (LCL 467) and Valerius Maximus (LCL 492), Velleius adopted for his work a condensed and selective format, but his style is richly literary and he allows himself to digress when themes or topics seem especially interesting or significant: these include literature, rhetoric, culture, chronology, and dating, as well as individual Roman towns, colonies, and provinces, about which he was richly informed through firsthand familiarity with Rome and much of the empire along a vast arc that stretched from the Elbe to the Euphrates. This edition of Velleius Paterculus, which replaces that of F. W. Shipley, offers a new translation, ample annotation, and a freshly edited text. A. J. Woodman is Basil L. Gildersleeve Professor of Classics, Emeritus, at the University of Virginia&quot;--</marc:subfield><marc:subfield code="c">Provided by publisher.</marc:subfield></marc:datafield><marc:datafield tag="546" ind1=" " ind2=" "><marc:subfield code="a">Tekst in Latijn met inleiding, vertaling en commentaar in het Engels</marc:subfield></marc:datafield><marc:datafield tag="651" ind1=" " ind2="0"><marc:subfield code="a">Rome</marc:subfield><marc:subfield code="x">History</marc:subfield><marc:subfield code="y">Julio-Claudians, 30 B.C.-68 A.D.</marc:subfield></marc:datafield><marc:datafield tag="651" ind1=" " ind2="0"><marc:subfield code="a">Rome</marc:subfield><marc:subfield code="x">History</marc:subfield><marc:subfield code="y">Kings, 753-510 B.C.</marc:subfield></marc:datafield><marc:datafield tag="651" ind1=" " ind2="0"><marc:subfield code="a">Rome</marc:subfield><marc:subfield code="x">History</marc:subfield><marc:subfield code="y">Republic, 265-30 B.C.</marc:subfield></marc:datafield><marc:datafield tag="700" ind1="1" ind2=" "><marc:subfield code="a">Woodman, Anthony John,</marc:subfield><marc:subfield code="d">1945-</marc:subfield><marc:subfield code="0">(viaf)98341997</marc:subfield></marc:datafield><marc:datafield tag="830" ind1=" " ind2="0"><marc:subfield code="a">Loeb classical library ;</marc:subfield><marc:subfield code="v">152.</marc:subfield></marc:datafield><marc:datafield tag="920" ind1=" " ind2=" "><marc:subfield code="a">book</marc:subfield></marc:datafield><marc:datafield tag="SID" ind1=" " ind2=" "><marc:subfield code="a">Z39</marc:subfield><marc:subfield code="b">LOC</marc:subfield></marc:datafield></marc:record>