<marc:record><marc:leader>03232nam a2200301 u 4500</marc:leader><marc:controlfield tag="005">20250930131743.0</marc:controlfield><marc:controlfield tag="008">141022s2014    fr     |r|   |000 ||mul|d</marc:controlfield><marc:controlfield tag="001">990036753940409161</marc:controlfield><marc:datafield tag="SID" ind1=" " ind2=" "><marc:subfield code="a">Z39</marc:subfield><marc:subfield code="b">32KUL_LIBIS_NETWORK</marc:subfield></marc:datafield><marc:datafield tag="020" ind1=" " ind2=" "><marc:subfield code="a">9782711625758</marc:subfield><marc:subfield code="q">pbk</marc:subfield></marc:datafield><marc:datafield tag="035" ind1=" " ind2=" "><marc:subfield code="a">(RUG01)003675394</marc:subfield></marc:datafield><marc:datafield tag="035" ind1=" " ind2=" "><marc:subfield code="a">(BeLVLBS)9992158928401471</marc:subfield></marc:datafield><marc:datafield tag="040" ind1=" " ind2=" "><marc:subfield code="a">BeLVLBS</marc:subfield><marc:subfield code="b">Language of cataloging varies</marc:subfield><marc:subfield code="e">rda based</marc:subfield></marc:datafield><marc:datafield tag="041" ind1=" " ind2=" "><marc:subfield code="a">eng</marc:subfield><marc:subfield code="a">fre</marc:subfield><marc:subfield code="a">ger</marc:subfield><marc:subfield code="a">ita</marc:subfield></marc:datafield><marc:datafield tag="050" ind1=" " ind2=" "><marc:subfield code="a">B744.3</marc:subfield><marc:subfield code="b">.D4 2014</marc:subfield></marc:datafield><marc:datafield tag="245" ind1="0" ind2="0"><marc:subfield code="a">De l&apos;Antiquité tardive au Moyen Âge :</marc:subfield><marc:subfield code="b">études de logique aristotélicienne et de philosophie grecque, syriaque, arabe et latine offertes à Henri Hugonnard-Roche /</marc:subfield><marc:subfield code="c">par Elisa Coda et Cecilia Martini Bonadeo</marc:subfield></marc:datafield><marc:datafield tag="264" ind1=" " ind2="1"><marc:subfield code="a">Paris :</marc:subfield><marc:subfield code="b">Vrin,</marc:subfield><marc:subfield code="c">2014.</marc:subfield></marc:datafield><marc:datafield tag="300" ind1=" " ind2=" "><marc:subfield code="a">XLII, 619 p.</marc:subfield></marc:datafield><marc:datafield tag="490" ind1="0" ind2=" "><marc:subfield code="a">Études musulmanes ;</marc:subfield><marc:subfield code="v">44</marc:subfield><marc:subfield code="x">0531-1888</marc:subfield></marc:datafield><marc:datafield tag="520" ind1=" " ind2=" "><marc:subfield code="a">&quot;La circulation du savoir philosophique à travers les traductions du grec au syriaque, du grec à l’arabe, du syriaque à l’arabe, de l’arabe au latin forme, depuis un siècle et plus de recherches savantes, un domaine scientifique à part entière. Ce volume réunit des spécialistes des disciplines du domaine voulant rendre hommage à un collègue dont l’activité a ouvert une voie, Henri Hugonnard-Roche. Spécialiste de la transmission du grec au syriaque de la logique aristotélicienne, Henri Hugonnard-Roche a montré par ses recherches la continuité entre la philosophie de l’Antiquité tardive et la pensée des chrétiens de langue syriaque d’un côté, des savants musulmans écrivant en arabe, de l’autre. Réunis souvent par ce que Werner Jaeger avait autrefois désigné comme &apos;la portée œcuménique de l’Antiquité classique&apos;, des musulmans et des chrétiens faisant partie d’un cercle philosophique se penchaient, dans la ville de Bagdad au Xe siècle, sur le texte d’Aristote. Leur &apos;Aristote&apos; était souvent celui de l’Antiquité tardive : l’Aristote de l’école néoplatonicienne d’Alexandrie que les intellectuels de la Syrie chrétienne avaient déjà rencontré quelque quatre siècles auparavant et qu’ils avaient traduit, en même temps que Galien, et parfois commenté. Des noms presque inconnus comme celui de Sergius de Resh’ayna (mort en 536) commencent dans nos manuels à en côtoyer d’autres bien plus connus, comme celui de Boèce, grâce aux recherches de Henri Hugonnard-Roche.</marc:subfield></marc:datafield><marc:datafield tag="520" ind1=" " ind2=" "><marc:subfield code="a">Ce volume, par la variété des langues qui s’y entremêlent, des traditions de pensée qu’il fait fusionner, par l’acribie des contributions et le caractère novateur des éditions de textes et des études ponctuelles qu’il contient, témoigne du rayonnement international du savant auquel il est offert, et de l’effervescence du domaine de recherche auquel il a si grandement contribué.&quot;--</marc:subfield><marc:subfield code="c">Back cover.</marc:subfield></marc:datafield><marc:datafield tag="546" ind1=" " ind2=" "><marc:subfield code="a">Bijdragen in Frans, Engels, Duits en Italiaans</marc:subfield></marc:datafield><marc:datafield tag="650" ind1=" " ind2="0"><marc:subfield code="a">Philosophy, Ancient</marc:subfield></marc:datafield><marc:datafield tag="650" ind1=" " ind2="0"><marc:subfield code="a">Philosophy, Arab</marc:subfield></marc:datafield><marc:datafield tag="700" ind1="1" ind2=" "><marc:subfield code="a">Coda, Elisa,</marc:subfield><marc:subfield code="d">1982-</marc:subfield><marc:subfield code="0">(viaf)311846232</marc:subfield></marc:datafield><marc:datafield tag="700" ind1="1" ind2=" "><marc:subfield code="a">Bonadeo, Cecilia Martini,</marc:subfield><marc:subfield code="d">1973-</marc:subfield><marc:subfield code="0">(viaf)305196685</marc:subfield></marc:datafield><marc:datafield tag="700" ind1="1" ind2=" "><marc:subfield code="a">Hugonnard-Roche, Henri,</marc:subfield><marc:subfield code="d">1944-</marc:subfield><marc:subfield code="0">(viaf)98426692</marc:subfield><marc:subfield code="4">hnr</marc:subfield></marc:datafield><marc:datafield tag="920" ind1=" " ind2=" "><marc:subfield code="a">book</marc:subfield></marc:datafield></marc:record>