<marc:record><marc:leader>00881nam a2200241 a 4500</marc:leader><marc:controlfield tag="005">20250918232111.0</marc:controlfield><marc:controlfield tag="008">250804s2025    gw |||||r|||||||| ||eng|d</marc:controlfield><marc:controlfield tag="001">990036753900409161</marc:controlfield><marc:datafield tag="020" ind1=" " ind2=" "><marc:subfield code="a">9783110672404</marc:subfield></marc:datafield><marc:datafield tag="035" ind1=" " ind2=" "><marc:subfield code="a">(RUG01)003675390</marc:subfield></marc:datafield><marc:datafield tag="040" ind1=" " ind2=" "><marc:subfield code="a">BE-GnUNI</marc:subfield></marc:datafield><marc:datafield tag="050" ind1=" " ind2="4"><marc:subfield code="a">P129</marc:subfield><marc:subfield code="b">.S643 2025</marc:subfield></marc:datafield><marc:datafield tag="245" ind1="0" ind2="0"><marc:subfield code="a">Specialized communication :</marc:subfield><marc:subfield code="b">an international handbook /</marc:subfield><marc:subfield code="c">edited by Thorsten Roelcke, Ruth Breeze, and Jan Engberg.</marc:subfield></marc:datafield><marc:datafield tag="260" ind1=" " ind2=" "><marc:subfield code="a">Berlin :</marc:subfield><marc:subfield code="b">de Gruyter,</marc:subfield><marc:subfield code="c">2025.</marc:subfield></marc:datafield><marc:datafield tag="300" ind1=" " ind2=" "><marc:subfield code="a">V.</marc:subfield></marc:datafield><marc:datafield tag="490" ind1="0" ind2=" "><marc:subfield code="a">Handbooks of Linguistics and Communication Science ;</marc:subfield><marc:subfield code="v">47</marc:subfield></marc:datafield><marc:datafield tag="490" ind1="0" ind2=" "><marc:subfield code="a">Handbücher zur Sprach- und Kommunikationswissenschaft ;</marc:subfield><marc:subfield code="v">47</marc:subfield></marc:datafield><marc:datafield tag="650" ind1=" " ind2="0"><marc:subfield code="a">Applied linguistics.</marc:subfield></marc:datafield><marc:datafield tag="650" ind1=" " ind2="0"><marc:subfield code="a">Communication, International.</marc:subfield></marc:datafield><marc:datafield tag="700" ind1="1" ind2=" "><marc:subfield code="a">Roelcke, Thorsten,</marc:subfield><marc:subfield code="d">1965-</marc:subfield><marc:subfield code="0">(viaf)19735177</marc:subfield></marc:datafield><marc:datafield tag="700" ind1="1" ind2=" "><marc:subfield code="a">Breeze, Ruth,</marc:subfield><marc:subfield code="d">....-</marc:subfield><marc:subfield code="0">(viaf)252796080</marc:subfield></marc:datafield><marc:datafield tag="700" ind1="1" ind2=" "><marc:subfield code="a">Engberg, Jan,</marc:subfield><marc:subfield code="d">1962-</marc:subfield><marc:subfield code="0">(viaf)59945234</marc:subfield></marc:datafield><marc:datafield tag="920" ind1=" " ind2=" "><marc:subfield code="a">book</marc:subfield></marc:datafield></marc:record>