<marc:record><marc:leader>00978ntm a2200229 a 4500</marc:leader><marc:controlfield tag="005">20250917100821.0</marc:controlfield><marc:controlfield tag="008">231222|2025||||be |||||rm||||||| ||   |d</marc:controlfield><marc:controlfield tag="001">990036753890409161</marc:controlfield><marc:datafield tag="020" ind1=" " ind2=" "><marc:subfield code="a">9789463578745</marc:subfield></marc:datafield><marc:datafield tag="035" ind1=" " ind2=" "><marc:subfield code="a">(RUG01)003675389</marc:subfield></marc:datafield><marc:datafield tag="040" ind1=" " ind2=" "><marc:subfield code="a">BE-GnUNI</marc:subfield></marc:datafield><marc:datafield tag="100" ind1="1" ind2=" "><marc:subfield code="a">Dong, Pengyu,</marc:subfield><marc:subfield code="d">....-</marc:subfield><marc:subfield code="0">(ugent)</marc:subfield><marc:subfield code="0">(viaf)</marc:subfield></marc:datafield><marc:datafield tag="245" ind1="1" ind2="0"><marc:subfield code="a">(Electro-)coagulation as a central technology for faecal matter treatment and valorisation /</marc:subfield><marc:subfield code="c">Pengyu Dong.</marc:subfield></marc:datafield><marc:datafield tag="246" ind1="2" ind2=" "><marc:subfield code="a">(Elektro-)coagulatie als een centrale technologie voor de behandeling en valorisatie van fecaal materiaal</marc:subfield></marc:datafield><marc:datafield tag="260" ind1=" " ind2=" "><marc:subfield code="c">2025.</marc:subfield></marc:datafield><marc:datafield tag="300" ind1=" " ind2=" "><marc:subfield code="a">Xiv, 298 p. : Ill.</marc:subfield></marc:datafield><marc:datafield tag="502" ind1=" " ind2=" "><marc:subfield code="a">Thesis submitted in fulfilment of the requirements for the degree of Doctor in Environmental Sciences and Technology</marc:subfield></marc:datafield><marc:datafield tag="710" ind1="2" ind2=" "><marc:subfield code="a">Ghent University</marc:subfield><marc:subfield code="b">Faculty of Bioscience Engineering</marc:subfield></marc:datafield><marc:datafield tag="700" ind1="1" ind2=" "><marc:subfield code="a">Van Hulle, Stijn,</marc:subfield><marc:subfield code="d">1978-</marc:subfield><marc:subfield code="0">(ugent)801001539933</marc:subfield><marc:subfield code="0">(viaf)196357773</marc:subfield><marc:subfield code="e">promotor</marc:subfield></marc:datafield><marc:datafield tag="700" ind1="1" ind2=" "><marc:subfield code="a">Parmentier, Dries,</marc:subfield><marc:subfield code="d">....-</marc:subfield><marc:subfield code="0">(viaf)</marc:subfield><marc:subfield code="e">promotor</marc:subfield></marc:datafield><marc:datafield tag="920" ind1=" " ind2=" "><marc:subfield code="a">phd</marc:subfield></marc:datafield><marc:datafield tag="922" ind1=" " ind2=" "><marc:subfield code="a">UGENT-BW</marc:subfield></marc:datafield></marc:record>