<marc:record><marc:leader>01983cam a22003138i 4500</marc:leader><marc:controlfield tag="005">20250926150425.0</marc:controlfield><marc:controlfield tag="008">231121s2025    nju    |rb   |001 |deng||</marc:controlfield><marc:controlfield tag="001">990036753870409161</marc:controlfield><marc:datafield tag="SID" ind1=" " ind2=" "><marc:subfield code="a">Z39</marc:subfield><marc:subfield code="b">LOC</marc:subfield></marc:datafield><marc:datafield tag="010" ind1=" " ind2=" "><marc:subfield code="a">2023052162</marc:subfield></marc:datafield><marc:datafield tag="020" ind1=" " ind2=" "><marc:subfield code="a">9780691259024</marc:subfield><marc:subfield code="q">hbk</marc:subfield></marc:datafield><marc:datafield tag="035" ind1=" " ind2=" "><marc:subfield code="a">(RUG01)003675387</marc:subfield></marc:datafield><marc:datafield tag="035" ind1=" " ind2=" "><marc:subfield code="a">23392588</marc:subfield></marc:datafield><marc:datafield tag="040" ind1=" " ind2=" "><marc:subfield code="a">DLC</marc:subfield><marc:subfield code="b">eng</marc:subfield><marc:subfield code="c">DLC</marc:subfield><marc:subfield code="d">DLC</marc:subfield><marc:subfield code="d">DLC</marc:subfield><marc:subfield code="d">DLC</marc:subfield><marc:subfield code="e">rda</marc:subfield></marc:datafield><marc:datafield tag="042" ind1=" " ind2=" "><marc:subfield code="a">pcc</marc:subfield></marc:datafield><marc:datafield tag="043" ind1=" " ind2=" "><marc:subfield code="a">e------</marc:subfield><marc:subfield code="a">ff-----</marc:subfield><marc:subfield code="a">aw-----</marc:subfield></marc:datafield><marc:datafield tag="050" ind1="0" ind2="0"><marc:subfield code="a">DG78</marc:subfield><marc:subfield code="b">.M2 2025</marc:subfield></marc:datafield><marc:datafield tag="082" ind1="0" ind2="0"><marc:subfield code="a">937/.09</marc:subfield><marc:subfield code="2">23/eng/20240109</marc:subfield></marc:datafield><marc:datafield tag="100" ind1="1" ind2=" "><marc:subfield code="a">Maas, Michael,</marc:subfield><marc:subfield code="d">1951-</marc:subfield><marc:subfield code="0">(viaf)112254937</marc:subfield></marc:datafield><marc:datafield tag="245" ind1="1" ind2="4"><marc:subfield code="a">The conqueror&apos;s gift :</marc:subfield><marc:subfield code="b">Roman ethnography and the end of antiquity /</marc:subfield><marc:subfield code="c">Michael Maas.</marc:subfield></marc:datafield><marc:datafield tag="246" ind1="3" ind2="0"><marc:subfield code="a">Roman ethnography and the end of antiquity</marc:subfield></marc:datafield><marc:datafield tag="264" ind1=" " ind2="1"><marc:subfield code="a">Princeton (N.J.) :</marc:subfield><marc:subfield code="b">Princeton university press,</marc:subfield><marc:subfield code="c">2025.</marc:subfield></marc:datafield><marc:datafield tag="300" ind1=" " ind2=" "><marc:subfield code="a">XV, 423 p.: ill.</marc:subfield></marc:datafield><marc:datafield tag="504" ind1=" " ind2=" "><marc:subfield code="a">Includes bibliographical references and index.</marc:subfield></marc:datafield><marc:datafield tag="520" ind1=" " ind2=" "><marc:subfield code="a">&quot;An account of the central role that ethnography played in the Roman empire and its transformation in Late Antiquity. Ethnography, broadly understood, is a key element in the toolkit of every empire, as important as armies, tax-collectors, or ambassadors. It helps rulers articulate cultural differences with outsiders and sometimes bridge them, and it lets the inhabitants of an empire, especially those who guide its course, understand themselves and their place in the midst of the enemies, allies, and friends who surround them. Whenever provinces are drawn, peace treaties and alliances framed, diplomats sent on mission, decisions taken to go to war, or simply life lived in the midst of unfamiliar voices, some kind of ethnographic vision must come into play. This ethnographic infrastructure, as ancient historian Michael Maas calls it, supports the empire&apos;s view of itself regarding the nations of the world, and it shapes and reflects actual interactions with them.</marc:subfield></marc:datafield><marc:datafield tag="650" ind1=" " ind2="0"><marc:subfield code="a">Ethnology</marc:subfield><marc:subfield code="z">Rome.</marc:subfield></marc:datafield><marc:datafield tag="651" ind1=" " ind2="0"><marc:subfield code="a">Rome</marc:subfield><marc:subfield code="x">Ethnic relations.</marc:subfield></marc:datafield><marc:datafield tag="651" ind1=" " ind2="0"><marc:subfield code="a">Rome</marc:subfield><marc:subfield code="x">History</marc:subfield><marc:subfield code="y">Empire, 284-476.</marc:subfield></marc:datafield><marc:datafield tag="920" ind1=" " ind2=" "><marc:subfield code="a">book</marc:subfield></marc:datafield></marc:record>