<marc:record><marc:leader>03626cam a2200505 i 4500</marc:leader><marc:controlfield tag="005">20250918232117.0</marc:controlfield><marc:controlfield tag="008">171215s2018    be a   ||b   |000 ||mul|d</marc:controlfield><marc:controlfield tag="001">990036753820409161</marc:controlfield><marc:datafield tag="010" ind1=" " ind2=" "><marc:subfield code="a">2018429717</marc:subfield></marc:datafield><marc:datafield tag="016" ind1="7" ind2=" "><marc:subfield code="a">019143847</marc:subfield><marc:subfield code="2">Uk</marc:subfield></marc:datafield><marc:datafield tag="020" ind1=" " ind2=" "><marc:subfield code="a">9782503570259</marc:subfield></marc:datafield><marc:datafield tag="020" ind1=" " ind2=" "><marc:subfield code="a">2503570259</marc:subfield></marc:datafield><marc:datafield tag="035" ind1=" " ind2=" "><marc:subfield code="a">(RUG01)003675382</marc:subfield></marc:datafield><marc:datafield tag="035" ind1=" " ind2=" "><marc:subfield code="a">20772174</marc:subfield></marc:datafield><marc:datafield tag="035" ind1=" " ind2=" "><marc:subfield code="a">(OCoLC)968776491</marc:subfield></marc:datafield><marc:datafield tag="040" ind1=" " ind2=" "><marc:subfield code="a">BTCTA</marc:subfield><marc:subfield code="b">eng</marc:subfield><marc:subfield code="c">BTCTA</marc:subfield><marc:subfield code="d">YDX</marc:subfield><marc:subfield code="d">ERASA</marc:subfield><marc:subfield code="d">OCLCQ</marc:subfield><marc:subfield code="d">CGU</marc:subfield><marc:subfield code="d">HLS</marc:subfield><marc:subfield code="d">OCLCF</marc:subfield><marc:subfield code="d">UKMGB</marc:subfield><marc:subfield code="d">MEAUC</marc:subfield><marc:subfield code="d">DLC</marc:subfield><marc:subfield code="e">rda</marc:subfield></marc:datafield><marc:datafield tag="041" ind1="1" ind2=" "><marc:subfield code="a">spa</marc:subfield><marc:subfield code="a">ara</marc:subfield><marc:subfield code="h">ara</marc:subfield></marc:datafield><marc:datafield tag="042" ind1=" " ind2=" "><marc:subfield code="a">lccopycat</marc:subfield></marc:datafield><marc:datafield tag="050" ind1="0" ind2="0"><marc:subfield code="a">QB350.5</marc:subfield><marc:subfield code="b">.B37718 2018</marc:subfield></marc:datafield><marc:datafield tag="082" ind1="0" ind2="4"><marc:subfield code="a">509</marc:subfield></marc:datafield><marc:datafield tag="245" ind1="0" ind2="0"><marc:subfield code="a">Astrometeorología en Al-Andalus y el Magrib entre los siglos VIII y XV :</marc:subfield><marc:subfield code="b">el Kitāb al-amṭār wa l-asʻār (Libro de las lluvias y de los precios) de Abū ʻAbd Allah al-Baqqār (fl. 1411-1418) /</marc:subfield><marc:subfield code="c">edición de Chedli Guesmi; introducción, comentario y resumen de Chedli Guesmi y Julio Samsó.</marc:subfield></marc:datafield><marc:datafield tag="260" ind1=" " ind2=" "><marc:subfield code="a">Turnhout :</marc:subfield><marc:subfield code="b">Brepols,</marc:subfield><marc:subfield code="c">2018.</marc:subfield></marc:datafield><marc:datafield tag="264" ind1=" " ind2="1"><marc:subfield code="a">Turnhout :</marc:subfield><marc:subfield code="b">Brepols,</marc:subfield><marc:subfield code="c">[2018].</marc:subfield></marc:datafield><marc:datafield tag="264" ind1=" " ind2="4"><marc:subfield code="c">©2018</marc:subfield></marc:datafield><marc:datafield tag="300" ind1=" " ind2=" "><marc:subfield code="a">VIII, 277 p.: ill.</marc:subfield></marc:datafield><marc:datafield tag="490" ind1="0" ind2=" "><marc:subfield code="a">De diversis artibus ;</marc:subfield><marc:subfield code="v">103 (N.S. 66)</marc:subfield></marc:datafield><marc:datafield tag="504" ind1=" " ind2=" "><marc:subfield code="a">Includes bibliographical references.</marc:subfield></marc:datafield><marc:datafield tag="520" ind1="8" ind2=" "><marc:subfield code="a">Le &apos;Kitab al-amtar wa&apos;l as&apos;ar&apos; (&apos;Livre sur les pluies et les prix&apos;) est un traité d&apos;astrometeorologie, écrit par al-Baqqar après 1418, qui décrit des procedés astrologiques pour predire les pluies ainsi que l&apos;influence des périodes de pluie et secheresse sur l&apos;évolution des prix des produits agricoles. D&apos;autre part, ce livre acquiert une importance spéciale étant donné qu&apos;il contient le texte arabe le plus complet connu d&apos;un système astrologique très ancien appelé ± la méthode des croix? (tariqat alkam al-sulub). Cette méthode a, très probablement, son origine dans la basse latinité et il était employé dans la Péninsule Ibérique et dans l&apos;Afrique du Nord romaine. Une de ses manifestations est constituée par les 39 vers d&apos;une urjuza (poème didactique) écrite par al-Dabbi (fl. ca. 790-ca. 850), le premier astrologue andalous de nom connu, qui sont reproduits ici par al-Baqqar. La méthode des croix fut aussi exposé dans un livre non conservé, écrit après 1066, par un certain &apos;Abd Allah al-Tulaytul?. Ce dernier ouvrage est, probablement, la source employé par al-Baqqar et par les traducteurs de la cour d&apos;Alphonse X de Castille (1221-1284), qui ont compilé le &apos;Libro de las Cruzes&apos;. Le &apos;Kitab al-amtar&apos; reproduit aussi d&apos;autres sources andalouses comme la Lamiyya d&apos;Ibn al-Khayyat (ca. 977-1056) et contient des informations importantes sur les ouvrages astrologiques qui circulaient dans al-Andalus et le Maghrib au Moyen Âge.</marc:subfield></marc:datafield><marc:datafield tag="546" ind1=" " ind2=" "><marc:subfield code="a">Tekst in Arabisch met inleiding, samenvatting en commentaar in het Spaans</marc:subfield></marc:datafield><marc:datafield tag="648" ind1=" " ind2="7"><marc:subfield code="a">To 1500</marc:subfield><marc:subfield code="2">fast</marc:subfield></marc:datafield><marc:datafield tag="650" ind1=" " ind2="0"><marc:subfield code="a">Astronomy, Medieval</marc:subfield><marc:subfield code="z">Islamic countries</marc:subfield><marc:subfield code="v">Early works to 1800.</marc:subfield></marc:datafield><marc:datafield tag="650" ind1=" " ind2="0"><marc:subfield code="a">Celestial mechanics</marc:subfield><marc:subfield code="v">Early works to 1800.</marc:subfield></marc:datafield><marc:datafield tag="650" ind1=" " ind2="0"><marc:subfield code="a">Islamic astrology</marc:subfield><marc:subfield code="x">History</marc:subfield><marc:subfield code="y">To 1500.</marc:subfield></marc:datafield><marc:datafield tag="650" ind1=" " ind2="7"><marc:subfield code="a">Astronomy, Medieval.</marc:subfield><marc:subfield code="2">fast</marc:subfield><marc:subfield code="0">(OCoLC)fst00819781</marc:subfield></marc:datafield><marc:datafield tag="650" ind1=" " ind2="7"><marc:subfield code="a">Celestial mechanics.</marc:subfield><marc:subfield code="2">fast</marc:subfield><marc:subfield code="0">(OCoLC)fst00850133</marc:subfield></marc:datafield><marc:datafield tag="650" ind1=" " ind2="7"><marc:subfield code="a">Islamic astrology.</marc:subfield><marc:subfield code="2">fast</marc:subfield><marc:subfield code="0">(OCoLC)fst00979912</marc:subfield></marc:datafield><marc:datafield tag="651" ind1=" " ind2="7"><marc:subfield code="a">Islamic countries.</marc:subfield><marc:subfield code="2">fast</marc:subfield><marc:subfield code="0">(OCoLC)fst01244130</marc:subfield></marc:datafield><marc:datafield tag="655" ind1=" " ind2="7"><marc:subfield code="a">Early works.</marc:subfield><marc:subfield code="2">fast</marc:subfield><marc:subfield code="0">(OCoLC)fst01411636</marc:subfield></marc:datafield><marc:datafield tag="655" ind1=" " ind2="7"><marc:subfield code="a">History.</marc:subfield><marc:subfield code="2">fast</marc:subfield><marc:subfield code="0">(OCoLC)fst01411628</marc:subfield></marc:datafield><marc:datafield tag="700" ind1="1" ind2=" "><marc:subfield code="a">al-Baqqār, Abū ʻAbd Allāh Muhammad,</marc:subfield><marc:subfield code="d">....-</marc:subfield><marc:subfield code="0">(viaf)61855642</marc:subfield></marc:datafield><marc:datafield tag="700" ind1="1" ind2=" "><marc:subfield code="a">Guesmi, Chedli,</marc:subfield><marc:subfield code="d">1966-</marc:subfield><marc:subfield code="0">(viaf)6451154741656253110002</marc:subfield></marc:datafield><marc:datafield tag="700" ind1="1" ind2=" "><marc:subfield code="a">Samsó, Julio,</marc:subfield><marc:subfield code="d">1942-</marc:subfield><marc:subfield code="0">(viaf)36963929</marc:subfield></marc:datafield><marc:datafield tag="830" ind1=" " ind2="0"><marc:subfield code="a">De diversis artibus ;</marc:subfield><marc:subfield code="v">t. 103.</marc:subfield></marc:datafield><marc:datafield tag="920" ind1=" " ind2=" "><marc:subfield code="a">book</marc:subfield></marc:datafield><marc:datafield tag="SID" ind1=" " ind2=" "><marc:subfield code="a">Z39</marc:subfield><marc:subfield code="b">LOC</marc:subfield></marc:datafield></marc:record>