<marc:record><marc:leader>03175cam a22003258i 4500</marc:leader><marc:controlfield tag="005">20251003144207.0</marc:controlfield><marc:controlfield tag="008">241202s2025    enk    |rb   |001 ||eng||</marc:controlfield><marc:controlfield tag="001">990036753790409161</marc:controlfield><marc:datafield tag="SID" ind1=" " ind2=" "><marc:subfield code="a">Z39</marc:subfield><marc:subfield code="b">LOC</marc:subfield></marc:datafield><marc:datafield tag="010" ind1=" " ind2=" "><marc:subfield code="a">2024050813</marc:subfield></marc:datafield><marc:datafield tag="020" ind1=" " ind2=" "><marc:subfield code="a">9781350447868</marc:subfield><marc:subfield code="q">(hardback)</marc:subfield></marc:datafield><marc:datafield tag="035" ind1=" " ind2=" "><marc:subfield code="a">(RUG01)003675379</marc:subfield></marc:datafield><marc:datafield tag="035" ind1=" " ind2=" "><marc:subfield code="a">23938043</marc:subfield></marc:datafield><marc:datafield tag="040" ind1=" " ind2=" "><marc:subfield code="a">DLC</marc:subfield><marc:subfield code="b">eng</marc:subfield><marc:subfield code="c">DLC</marc:subfield><marc:subfield code="d">DLC</marc:subfield><marc:subfield code="e">rda</marc:subfield></marc:datafield><marc:datafield tag="042" ind1=" " ind2=" "><marc:subfield code="a">pcc</marc:subfield></marc:datafield><marc:datafield tag="050" ind1="0" ind2="0"><marc:subfield code="a">P306</marc:subfield><marc:subfield code="b">.P666 2025</marc:subfield></marc:datafield><marc:datafield tag="082" ind1="0" ind2="0"><marc:subfield code="a">418/.02</marc:subfield><marc:subfield code="2">23/eng/20241217</marc:subfield></marc:datafield><marc:datafield tag="245" ind1="0" ind2="0"><marc:subfield code="a">Positionalities of translation studies :</marc:subfield><marc:subfield code="b">on the situatedness of translation research /</marc:subfield><marc:subfield code="c">edited by Garda Elsherif and Joanna Sobesto.</marc:subfield></marc:datafield><marc:datafield tag="263" ind1=" " ind2=" "><marc:subfield code="a">2506</marc:subfield></marc:datafield><marc:datafield tag="264" ind1=" " ind2="1"><marc:subfield code="a">London ;</marc:subfield><marc:subfield code="a">New York :</marc:subfield><marc:subfield code="b">Bloomsbury Academic,</marc:subfield><marc:subfield code="c">2025.</marc:subfield></marc:datafield><marc:datafield tag="300" ind1=" " ind2=" "><marc:subfield code="a">Xiv, 252 p.</marc:subfield></marc:datafield><marc:datafield tag="490" ind1="0" ind2=" "><marc:subfield code="a">Bloomsbury advances in translation</marc:subfield></marc:datafield><marc:datafield tag="504" ind1=" " ind2=" "><marc:subfield code="a">Includes bibliographical references and index.</marc:subfield></marc:datafield><marc:datafield tag="505" ind1="0" ind2=" "><marc:subfield code="a">Introduction: Positionalities of and self-reflexivity in translation studies / Garda Elsherif and Joanna Sobesto -- Reflections on the positionalities of translation studies. Feminist positionalities in translation studies / Hilary Brown and Gabriela Saldanha -- Translating humans? Anthropocentrism and the linguistic borders of the social world / Tomasz Rozmysłowicz -- Positionality of the Chinese school of translation studies: academic nationalism and experiential knowledge / Ye Tian -- A French-speaking translation studies area: under influence? / Yves Gambier -- Writing the histories of translation studies. &quot;This is not a translators&apos; union&quot;: the Vereniging Nederandse Vertalingen (1932-1950) and the Dutch translation scene in the pre-Holmes era / Gaëtan Regniers -- Translation studies in Iran: practice, training and research / Farzaneh Farahzad -- Volodymyr Derzhavyn: an erased translation scholar of the late 1920s-early 1930s / Oleksandr Kalnychenko -- Positionalities as a methodological challenge. Managing positionality: reflexivity as a key to robust research in translation studies / Sari Hokkanen and Kaisa Koskinen -- Necessity/validity/viability/positionality: a comprehensive survey of literary translation in Uruguay within a transnational framework / Lucía Campanella, Rosario Lázaro Igoa, Cecilia Torres Rippa and Leticia Hornos Weisz -- Research for the Earth. Research for the Earth: a conversation / Şebnem Susam-Saraeva, Garda Elsherif and Joanna Sobesto.</marc:subfield></marc:datafield><marc:datafield tag="520" ind1=" " ind2=" "><marc:subfield code="a">&quot;This volume explores historical, cultural, linguistic, technological and institutional influences on Translation Studies (TS). It brings together self-reflexive case studies and juxtaposes them in order to provoke discussion on the role of contemporary researchers in the discipline of TS. The contributions cover various aspects of positionalities and its influences on translation research, including activism, gender, technology, infrastructure, experiential knowledge, and geopolitics, showing that TS as a discipline is not a monolith but consists of various histories interconnected with each other&quot;--</marc:subfield><marc:subfield code="c">Provided by publisher.</marc:subfield></marc:datafield><marc:datafield tag="650" ind1=" " ind2="0"><marc:subfield code="a">Translating and interpreting.</marc:subfield></marc:datafield><marc:datafield tag="655" ind1=" " ind2="7"><marc:subfield code="a">Essays.</marc:subfield><marc:subfield code="2">lcgft</marc:subfield></marc:datafield><marc:datafield tag="700" ind1="1" ind2=" "><marc:subfield code="a">Elsherif, Garda,</marc:subfield><marc:subfield code="d">....-</marc:subfield><marc:subfield code="0">(viaf)</marc:subfield><marc:subfield code="4">edt</marc:subfield></marc:datafield><marc:datafield tag="700" ind1="1" ind2=" "><marc:subfield code="a">Sobesto, Joanna,</marc:subfield><marc:subfield code="d">....-</marc:subfield><marc:subfield code="0">(viaf)</marc:subfield><marc:subfield code="4">edt</marc:subfield></marc:datafield><marc:datafield tag="920" ind1=" " ind2=" "><marc:subfield code="a">book</marc:subfield></marc:datafield></marc:record>