<marc:record><marc:leader>01740njm a2200277 a 4500</marc:leader><marc:controlfield tag="005">20250918114925.0</marc:controlfield><marc:controlfield tag="008">250731s1956    xx |||||#|||||||| | ger|d</marc:controlfield><marc:controlfield tag="001">990036753680409161</marc:controlfield><marc:datafield tag="028" ind1="1" ind2="0"><marc:subfield code="a">032 828 WIS</marc:subfield><marc:subfield code="b">Archiv Produktion</marc:subfield></marc:datafield><marc:datafield tag="028" ind1="1" ind2="0"><marc:subfield code="a">032 829 WIS</marc:subfield><marc:subfield code="b">Archiv Produktion</marc:subfield></marc:datafield><marc:datafield tag="028" ind1="2" ind2="0"><marc:subfield code="a">14063 APM</marc:subfield><marc:subfield code="b">Archiv Produktion</marc:subfield></marc:datafield><marc:datafield tag="035" ind1=" " ind2=" "><marc:subfield code="a">(RUG01)003675368</marc:subfield></marc:datafield><marc:datafield tag="040" ind1=" " ind2=" "><marc:subfield code="a">BE-GnUNI</marc:subfield></marc:datafield><marc:datafield tag="100" ind1="1" ind2=" "><marc:subfield code="a">de Machault, Guillaume,</marc:subfield><marc:subfield code="d">1300?-1377</marc:subfield><marc:subfield code="0">(viaf)63976026</marc:subfield><marc:subfield code="4">cmp</marc:subfield></marc:datafield><marc:datafield tag="245" ind1="1" ind2="0"><marc:subfield code="a">La messe de Nostre Dame; 10 Weltliche Werke /</marc:subfield><marc:subfield code="c">Guillaume de Machault; Herausg. Charles van den Borren, Safford Cape; Pro Musica Antiqua, Bruxelles; Dir. Safford Cape.</marc:subfield></marc:datafield><marc:datafield tag="260" ind1=" " ind2=" "><marc:subfield code="a">Hamburg :</marc:subfield><marc:subfield code="b">Archiv Produktion,</marc:subfield><marc:subfield code="c">1956.</marc:subfield></marc:datafield><marc:datafield tag="300" ind1=" " ind2=" "><marc:subfield code="a">1 grammofoonplaat :</marc:subfield><marc:subfield code="b">78 rpm ;</marc:subfield><marc:subfield code="c">30 cm.</marc:subfield></marc:datafield><marc:datafield tag="490" ind1="0" ind2=" "><marc:subfield code="a">II. Forschungsbereich. Serie D</marc:subfield></marc:datafield><marc:datafield tag="500" ind1=" " ind2=" "><marc:subfield code="a">II. Forschungsbereich: Das zentrale Mittelalter, serie D: Ars nova in Frankreich.</marc:subfield></marc:datafield><marc:datafield tag="505" ind1="0" ind2=" "><marc:subfield code="a">La messe de Nostre Dame: 1. Kyrie, 2. Gloria, 3. Credo, 4. Sanctus, 5. Agnus Dei, 6. Ite, missa est</marc:subfield></marc:datafield><marc:datafield tag="505" ind1="0" ind2=" "><marc:subfield code="a">10 Weltliche Werke: Inhalt: Triple ballade (Sans cuer - Amor doleur - Dame par vous) ; Ballade (Je puis trop bien) ; Motet (Qui és promesses - Ha! Fortune - Tenor: Et non est qui adjuvet) ; Rondeau (Puis qu&apos;en oubli) ; Virelai (De tout sui si confertée) ; Ballade (Nes que on porroit les estoilles nombrer) ; Triple ballade (De triste cuer - Certes je di - Quant vrais amans) ; Virelai (Se je souspir) ; Complainte (Tels rit au main qui au soir pleure) ; Double ballade (Quant Théséus - Ne quier véoir)</marc:subfield></marc:datafield><marc:datafield tag="700" ind1="1" ind2=" "><marc:subfield code="a">Cape, Safford,</marc:subfield><marc:subfield code="d">1906-1973</marc:subfield><marc:subfield code="0">(viaf)54347619</marc:subfield><marc:subfield code="4">cnd</marc:subfield></marc:datafield><marc:datafield tag="700" ind1="1" ind2=" "><marc:subfield code="a">Van den Borren, Charles,</marc:subfield><marc:subfield code="d">1874-1966</marc:subfield><marc:subfield code="0">(viaf)41847517</marc:subfield></marc:datafield><marc:datafield tag="710" ind1="2" ind2=" "><marc:subfield code="a">Grammophon Gesellschaft</marc:subfield></marc:datafield><marc:datafield tag="710" ind1="2" ind2=" "><marc:subfield code="a">Société Pro Musica Antiqua de Bruxelles</marc:subfield><marc:subfield code="4">prf</marc:subfield></marc:datafield><marc:datafield tag="920" ind1=" " ind2=" "><marc:subfield code="a">audio</marc:subfield></marc:datafield></marc:record>