<marc:record><marc:leader>00785njm a2200217 a 4500</marc:leader><marc:controlfield tag="005">20250918114923.0</marc:controlfield><marc:controlfield tag="008">250731nuuuuuuuuxx |||||#|||||||| | ger|d</marc:controlfield><marc:controlfield tag="001">990036753620409161</marc:controlfield><marc:datafield tag="028" ind1="1" ind2="0"><marc:subfield code="a">2492 1/2 GE</marc:subfield><marc:subfield code="b">Polydor</marc:subfield></marc:datafield><marc:datafield tag="028" ind1="1" ind2="0"><marc:subfield code="a">2493 GE</marc:subfield><marc:subfield code="b">Polydor</marc:subfield></marc:datafield><marc:datafield tag="028" ind1="2" ind2="0"><marc:subfield code="a">68126</marc:subfield><marc:subfield code="b">Polydor</marc:subfield></marc:datafield><marc:datafield tag="035" ind1=" " ind2=" "><marc:subfield code="a">(RUG01)003675362</marc:subfield></marc:datafield><marc:datafield tag="040" ind1=" " ind2=" "><marc:subfield code="a">BE-GnUNI</marc:subfield></marc:datafield><marc:datafield tag="100" ind1="1" ind2=" "><marc:subfield code="a">Strauss, Richard,</marc:subfield><marc:subfield code="d">1864-1949</marc:subfield><marc:subfield code="0">(viaf)24796264</marc:subfield><marc:subfield code="4">cmp</marc:subfield></marc:datafield><marc:datafield tag="245" ind1="1" ind2="0"><marc:subfield code="a">Salome :</marc:subfield><marc:subfield code="b">Salomes Tanz, I. Teil; II. Teil /</marc:subfield><marc:subfield code="c">Richard Strauss; Herbert von Karajan; mit Concert Gebouw Orchester Amsterdam.</marc:subfield></marc:datafield><marc:datafield tag="260" ind1=" " ind2=" "><marc:subfield code="a">S.l. :</marc:subfield><marc:subfield code="b">Polydor,</marc:subfield><marc:subfield code="c">n.d.</marc:subfield></marc:datafield><marc:datafield tag="300" ind1=" " ind2=" "><marc:subfield code="a">1 grammofoonplaat :</marc:subfield><marc:subfield code="b">78 rpm ;</marc:subfield><marc:subfield code="c">30 cm.</marc:subfield></marc:datafield><marc:datafield tag="700" ind1="1" ind2=" "><marc:subfield code="a">Von Karajan, Herbert,</marc:subfield><marc:subfield code="d">1908-1989</marc:subfield><marc:subfield code="0">(viaf)87653107</marc:subfield></marc:datafield><marc:datafield tag="710" ind1="2" ind2=" "><marc:subfield code="a">Concertgebouw Orchester Amsterdam</marc:subfield></marc:datafield><marc:datafield tag="710" ind1="2" ind2=" "><marc:subfield code="a">Deutsche Grammophon G.M.B.H Hanover</marc:subfield></marc:datafield><marc:datafield tag="920" ind1=" " ind2=" "><marc:subfield code="a">audio</marc:subfield></marc:datafield></marc:record>