<marc:record><marc:leader>01292njm a2200277 a 4500</marc:leader><marc:controlfield tag="005">20250918114927.0</marc:controlfield><marc:controlfield tag="008">250708nuuuuuuuuxx |||||#|||||||| | ger|d</marc:controlfield><marc:controlfield tag="001">990036753580409161</marc:controlfield><marc:datafield tag="028" ind1="1" ind2="0"><marc:subfield code="a">2EA 12457-2</marc:subfield><marc:subfield code="b">His master&apos;s voice</marc:subfield></marc:datafield><marc:datafield tag="028" ind1="1" ind2="0"><marc:subfield code="a">2EA 12462-2</marc:subfield><marc:subfield code="b">His master&apos;s voice</marc:subfield></marc:datafield><marc:datafield tag="028" ind1="2" ind2="0"><marc:subfield code="a">D.B. 9394</marc:subfield><marc:subfield code="b">His master&apos;s voice</marc:subfield></marc:datafield><marc:datafield tag="035" ind1=" " ind2=" "><marc:subfield code="a">(RUG01)003675358</marc:subfield></marc:datafield><marc:datafield tag="040" ind1=" " ind2=" "><marc:subfield code="a">BE-GnUNI</marc:subfield></marc:datafield><marc:datafield tag="100" ind1="1" ind2=" "><marc:subfield code="a">Strauss, Richard,</marc:subfield><marc:subfield code="d">1864-1949</marc:subfield><marc:subfield code="0">(viaf)24796264</marc:subfield><marc:subfield code="4">cmp</marc:subfield></marc:datafield><marc:datafield tag="245" ind1="1" ind2="0"><marc:subfield code="a">Excerpts from &quot;Elektra&quot;, Op. 58 :</marc:subfield><marc:subfield code="b">Kannst du nicht die Botschaft austrompeten dort! Helft, Mörder! /</marc:subfield><marc:subfield code="c">Hofmannsthal - Richard Strauss; Royal Philharmonic Orchestra; cond. by Sir Thomas Beecham, Bart.</marc:subfield></marc:datafield><marc:datafield tag="246" ind1="2" ind2=" "><marc:subfield code="a">Excerpts from &quot;Elektra&quot;, Op. 58</marc:subfield><marc:subfield code="b">Canst thou not proclaim the message there! Help, murder!</marc:subfield></marc:datafield><marc:datafield tag="260" ind1=" " ind2=" "><marc:subfield code="a">S.l. :</marc:subfield><marc:subfield code="b">His master&apos;s voice,</marc:subfield><marc:subfield code="c">n.d.</marc:subfield></marc:datafield><marc:datafield tag="300" ind1=" " ind2=" "><marc:subfield code="a">1 grammofoonplaat :</marc:subfield><marc:subfield code="b">78 rpm ;</marc:subfield><marc:subfield code="c">30 cm.</marc:subfield></marc:datafield><marc:datafield tag="505" ind1="0" ind2=" "><marc:subfield code="a">2. Kannst du nicht die Botschaft austrompeten dort! / E. Schluter (Sop.), P. Schoeffler (Bar.)</marc:subfield></marc:datafield><marc:datafield tag="505" ind1="0" ind2=" "><marc:subfield code="a">7. Helft, Mörder! / E. Schluter (Sop.), L. Welitsch (Sop.)</marc:subfield></marc:datafield><marc:datafield tag="546" ind1=" " ind2=" "><marc:subfield code="a">In German w. orch</marc:subfield></marc:datafield><marc:datafield tag="700" ind1="1" ind2=" "><marc:subfield code="a">Von Hofmannsthal, Hugo,</marc:subfield><marc:subfield code="d">1874-1929</marc:subfield><marc:subfield code="0">(viaf)103209512</marc:subfield></marc:datafield><marc:datafield tag="700" ind1="1" ind2=" "><marc:subfield code="a">Beecham, Thomas,</marc:subfield><marc:subfield code="d">1879-1961</marc:subfield><marc:subfield code="0">(viaf)27251130</marc:subfield><marc:subfield code="4">cnd</marc:subfield></marc:datafield><marc:datafield tag="710" ind1="2" ind2=" "><marc:subfield code="a">Royal Philharmonic Orchestra</marc:subfield><marc:subfield code="4">prf</marc:subfield></marc:datafield><marc:datafield tag="710" ind1="2" ind2=" "><marc:subfield code="a">The Gramophone Co.</marc:subfield></marc:datafield><marc:datafield tag="920" ind1=" " ind2=" "><marc:subfield code="a">audio</marc:subfield></marc:datafield></marc:record>