<marc:record><marc:leader>00641nam a2200169 a 4500</marc:leader><marc:controlfield tag="005">20250918232111.0</marc:controlfield><marc:controlfield tag="008">250731|2025||||fr |||||r|||||||| ||fre|d</marc:controlfield><marc:controlfield tag="001">990036753550409161</marc:controlfield><marc:datafield tag="020" ind1=" " ind2=" "><marc:subfield code="a">9782386001208</marc:subfield></marc:datafield><marc:datafield tag="035" ind1=" " ind2=" "><marc:subfield code="a">(RUG01)003675355</marc:subfield></marc:datafield><marc:datafield tag="040" ind1=" " ind2=" "><marc:subfield code="a">BE-GnUNI</marc:subfield></marc:datafield><marc:datafield tag="100" ind1="1" ind2=" "><marc:subfield code="a">Evrard, Sébastien,</marc:subfield><marc:subfield code="d">....-</marc:subfield><marc:subfield code="0">(viaf)</marc:subfield></marc:datafield><marc:datafield tag="245" ind1="1" ind2="2"><marc:subfield code="a">L&apos;Empereur Napoléon 1er et la justice. Volume III :</marc:subfield><marc:subfield code="b">La magistrature du Premier Empire et l&apos;opération d&apos;épuration des juges (1807-1808) : les résultats définitifs de l&apos;opération /</marc:subfield><marc:subfield code="c">Sébastien Evrard.</marc:subfield></marc:datafield><marc:datafield tag="260" ind1=" " ind2=" "><marc:subfield code="a">Paris :</marc:subfield><marc:subfield code="b">Mare et Martin,</marc:subfield><marc:subfield code="c">2025.</marc:subfield></marc:datafield><marc:datafield tag="300" ind1=" " ind2=" "><marc:subfield code="a">P.</marc:subfield></marc:datafield><marc:datafield tag="490" ind1="0" ind2=" "><marc:subfield code="a">Histoire du droit &amp; des institutions</marc:subfield></marc:datafield><marc:datafield tag="920" ind1=" " ind2=" "><marc:subfield code="a">book</marc:subfield></marc:datafield></marc:record>