<marc:record><marc:leader>01091nam a2200241 a 4500</marc:leader><marc:controlfield tag="005">20250917111826.0</marc:controlfield><marc:controlfield tag="008">250730|2024||||be |||||rm||||||| ||eng|d</marc:controlfield><marc:controlfield tag="001">990036753510409161</marc:controlfield><marc:datafield tag="020" ind1=" " ind2=" "><marc:subfield code="a">9789463558754</marc:subfield></marc:datafield><marc:datafield tag="035" ind1=" " ind2=" "><marc:subfield code="a">(RUG01)003675351</marc:subfield></marc:datafield><marc:datafield tag="040" ind1=" " ind2=" "><marc:subfield code="a">BE-GnUNI</marc:subfield></marc:datafield><marc:datafield tag="041" ind1=" " ind2=" "><marc:subfield code="a">eng</marc:subfield><marc:subfield code="b">eng</marc:subfield><marc:subfield code="b">dut</marc:subfield></marc:datafield><marc:datafield tag="100" ind1="1" ind2=" "><marc:subfield code="a">Kodunthirappully Narayanan, Navaneeth,</marc:subfield><marc:subfield code="d">....-</marc:subfield><marc:subfield code="0">(viaf)</marc:subfield></marc:datafield><marc:datafield tag="245" ind1="1" ind2="0"><marc:subfield code="a">Development of fluid-structure interaction algorithms for tents subjected to ponding water and wind flow /</marc:subfield><marc:subfield code="c">Navaneeth Kodunthirappully Narayanan.</marc:subfield></marc:datafield><marc:datafield tag="260" ind1=" " ind2=" "><marc:subfield code="a">Ghent :</marc:subfield><marc:subfield code="b">Ghent University,</marc:subfield><marc:subfield code="c">2024.</marc:subfield></marc:datafield><marc:datafield tag="300" ind1=" " ind2=" "><marc:subfield code="a">XXV, 134 p. : ill.</marc:subfield></marc:datafield><marc:datafield tag="502" ind1=" " ind2=" "><marc:subfield code="a">Doctoral dissertation submitted to obtain the adademic degree of Doctor of Electromechanical Engineering</marc:subfield></marc:datafield><marc:datafield tag="518" ind1=" " ind2=" "><marc:subfield code="o">Verdediging</marc:subfield><marc:subfield code="d">2024-09-06</marc:subfield><marc:subfield code="p">Gent</marc:subfield></marc:datafield><marc:datafield tag="700" ind1="1" ind2=" "><marc:subfield code="a">Degroote, Joris,</marc:subfield><marc:subfield code="d">1983-</marc:subfield><marc:subfield code="0">(ugent)802000037018</marc:subfield><marc:subfield code="0">(viaf)163163936265000831166</marc:subfield><marc:subfield code="e">promotor</marc:subfield></marc:datafield><marc:datafield tag="700" ind1="1" ind2=" "><marc:subfield code="a">Wüchner, Roland,</marc:subfield><marc:subfield code="d">....-</marc:subfield><marc:subfield code="0">(viaf)</marc:subfield><marc:subfield code="e">copromotor</marc:subfield></marc:datafield><marc:datafield tag="710" ind1="2" ind2=" "><marc:subfield code="a">Ghent University</marc:subfield><marc:subfield code="b">Faculty of Engineering and Architecture</marc:subfield><marc:subfield code="b">Department of Electromechanical, Systems and Metal Engineering</marc:subfield></marc:datafield><marc:datafield tag="920" ind1=" " ind2=" "><marc:subfield code="a">phd</marc:subfield></marc:datafield><marc:datafield tag="922" ind1=" " ind2=" "><marc:subfield code="a">UGENT-EA</marc:subfield></marc:datafield></marc:record>