<marc:record><marc:leader>01758nam a2200277 u 4500</marc:leader><marc:controlfield tag="005">20250918232114.0</marc:controlfield><marc:controlfield tag="008">090408s2009    be a   |r|   |000 ||dut|c</marc:controlfield><marc:controlfield tag="001">990036753500409161</marc:controlfield><marc:datafield tag="020" ind1=" " ind2=" "><marc:subfield code="a">9789030196167</marc:subfield></marc:datafield><marc:datafield tag="035" ind1=" " ind2=" "><marc:subfield code="a">(RUG01)003675350</marc:subfield></marc:datafield><marc:datafield tag="035" ind1=" " ind2=" "><marc:subfield code="a">(BeLVLBS)003990675LBS01-Aleph</marc:subfield></marc:datafield><marc:datafield tag="040" ind1=" " ind2=" "><marc:subfield code="a">BeLVLBS</marc:subfield><marc:subfield code="b">Language of cataloging varies</marc:subfield><marc:subfield code="e">rda based</marc:subfield></marc:datafield><marc:datafield tag="245" ind1="0" ind2="0"><marc:subfield code="a">Talen op een kier :</marc:subfield><marc:subfield code="b">talensensibilisering voor het basisonderwijs /</marc:subfield><marc:subfield code="c">Sofie Jonckheere, Handewijch De Donder, Hilde De Smedt; tekeningen Katrien van Schuylenbergh.</marc:subfield></marc:datafield><marc:datafield tag="260" ind1=" " ind2=" "><marc:subfield code="a">Mechelen :</marc:subfield><marc:subfield code="b">Plantyn,</marc:subfield><marc:subfield code="c">2009.</marc:subfield></marc:datafield><marc:datafield tag="264" ind1=" " ind2="1"><marc:subfield code="a">Mechelen :</marc:subfield><marc:subfield code="b">Plantyn,</marc:subfield><marc:subfield code="c">2009.</marc:subfield></marc:datafield><marc:datafield tag="300" ind1=" " ind2=" "><marc:subfield code="a">414 p., losbladig: ill. + CD.</marc:subfield></marc:datafield><marc:datafield tag="505" ind1="0" ind2=" "><marc:subfield code="a">Taal en diversiteit; Taal en klank; Taal en cultuur; Taal en emotie; Taal en evolutie; Taal en gebaren; Taal en getal; Taal en teken; Taal en leren; Taal en spel</marc:subfield></marc:datafield><marc:datafield tag="520" ind1="3" ind2=" "><marc:subfield code="a">Bijlage bij de gelijknamige map.</marc:subfield></marc:datafield><marc:datafield tag="520" ind1="3" ind2=" "><marc:subfield code="a">Deze map laat kinderen van 5 tot 12 jaar op een leuke manier kennismaken met verschillende talen en culturen doorheen uitgebreide en volledig uitgewerkte lesmaterialen. Bijna alle lesfiches kunnen zowel in taalhomogene als in taalheterogene groepen gebruikt worden. Voor elke les worden duidelijke doelstellingen geformuleerd en staat vermeld aan welke ontwikkelingsdoelen en eindtermen gewerkt wordt. De lesfiches zijn ontwikkeld binnen verschillende leergebieden. Elk vak laat immers toe talensensibilisering te bewerken.</marc:subfield></marc:datafield><marc:datafield tag="655" ind1=" " ind2="4"><marc:subfield code="v">Contains audio-visual material</marc:subfield></marc:datafield><marc:datafield tag="700" ind1="1" ind2=" "><marc:subfield code="a">Jonckheere, Sofie,</marc:subfield><marc:subfield code="d">....-</marc:subfield><marc:subfield code="0">(viaf)</marc:subfield><marc:subfield code="4">aut</marc:subfield></marc:datafield><marc:datafield tag="700" ind1="1" ind2=" "><marc:subfield code="a">De Doncker, Hadewijch,</marc:subfield><marc:subfield code="d">....-</marc:subfield><marc:subfield code="0">(viaf)</marc:subfield><marc:subfield code="g">educational researcher</marc:subfield><marc:subfield code="4">aut</marc:subfield></marc:datafield><marc:datafield tag="700" ind1="1" ind2=" "><marc:subfield code="a">De Smedt, Hilde,</marc:subfield><marc:subfield code="d">....-</marc:subfield><marc:subfield code="0">(viaf)</marc:subfield><marc:subfield code="4">aut</marc:subfield></marc:datafield><marc:datafield tag="700" ind1="1" ind2=" "><marc:subfield code="a">Van Schuylenbergh, Katrien,</marc:subfield><marc:subfield code="d">1963-</marc:subfield><marc:subfield code="0">(viaf)</marc:subfield><marc:subfield code="4">ill</marc:subfield></marc:datafield><marc:datafield tag="920" ind1=" " ind2=" "><marc:subfield code="a">book</marc:subfield></marc:datafield><marc:datafield tag="SID" ind1=" " ind2=" "><marc:subfield code="a">Z39</marc:subfield><marc:subfield code="b">32KUL_LIBIS_NETWORK</marc:subfield></marc:datafield></marc:record>