<marc:record><marc:leader>01732nam a2200253 a 4500</marc:leader><marc:controlfield tag="005">20250918232114.0</marc:controlfield><marc:controlfield tag="008">250730|2008||||xx |||||r|||||||| ||dut|d</marc:controlfield><marc:controlfield tag="001">990036753470409161</marc:controlfield><marc:datafield tag="035" ind1=" " ind2=" "><marc:subfield code="a">(RUG01)003675347</marc:subfield></marc:datafield><marc:datafield tag="040" ind1=" " ind2=" "><marc:subfield code="a">BE-GnUNI</marc:subfield></marc:datafield><marc:datafield tag="245" ind1="0" ind2="0"><marc:subfield code="a">Maatschappelijke oriëntatie /</marc:subfield><marc:subfield code="c">samenstelling: Liesbeth Baeten, Cathy Goossens, Els Maton, e.a.</marc:subfield></marc:datafield><marc:datafield tag="260" ind1=" " ind2=" "><marc:subfield code="a">Lier :</marc:subfield><marc:subfield code="b">Van In,</marc:subfield><marc:subfield code="c">2008.</marc:subfield></marc:datafield><marc:datafield tag="300" ind1=" " ind2=" "><marc:subfield code="a">3 v., losbladig: ill.</marc:subfield></marc:datafield><marc:datafield tag="500" ind1=" " ind2=" "><marc:subfield code="a">Inburgering</marc:subfield></marc:datafield><marc:datafield tag="505" ind1="0" ind2=" "><marc:subfield code="a">[1] Handleiding voor de docent</marc:subfield></marc:datafield><marc:datafield tag="505" ind1="0" ind2=" "><marc:subfield code="a">[2] Notitieschrift van de cursist</marc:subfield></marc:datafield><marc:datafield tag="505" ind1="0" ind2=" "><marc:subfield code="a">[3] Bijlage bij het notitieschrift van de cursist</marc:subfield></marc:datafield><marc:datafield tag="520" ind1=" " ind2=" "><marc:subfield code="a">Deze cursus maatschappelijke orientatie werd gemaakt in opdracht van de Vlaamse Overheid. De cursus is bedoeld voor een cursus MO in de eigen taal van 60 contacturen. In de cursus wordt de methodiek van het cooperatief leren (CLIM) gebruikt, waarbij de cursisten dienen samen te werken en elk een rol krijgen toebedeeld. De handleiding bevat uitleg bij het concept, de methodiek en het doelenkader, en de uitgewerkte lessen. Er is ook een notitieschrift voor de cursist waarin deze kan noteren waaraan werd gewerkt en welke doelen werden behaald (zelfevaluatie). De map &apos;Bijlage bij het notitieschrift&apos; bevat de werkbladen bij de lessen. Op de DVD &quot;Thuis in Vlaanderen&quot; staan korte videofilmpjes bij de lessen in de vorm van een soapverhaal. Bij de cursus hoort ook een website met informatieve teksten over de thema&apos;s die in de lessen MO worden behandeld.</marc:subfield></marc:datafield><marc:datafield tag="700" ind1="1" ind2=" "><marc:subfield code="a">Baeten, Liesbeth,</marc:subfield><marc:subfield code="d">....-</marc:subfield><marc:subfield code="0">(viaf)</marc:subfield></marc:datafield><marc:datafield tag="700" ind1="1" ind2=" "><marc:subfield code="a">Goossens, Cathy,</marc:subfield><marc:subfield code="d">....-</marc:subfield><marc:subfield code="0">(viaf)</marc:subfield></marc:datafield><marc:datafield tag="700" ind1="1" ind2=" "><marc:subfield code="a">Maton, Els,</marc:subfield><marc:subfield code="d">....-</marc:subfield><marc:subfield code="0">(viaf)285853328</marc:subfield></marc:datafield><marc:datafield tag="710" ind1="2" ind2=" "><marc:subfield code="a">Karel de Grote-Hogeschool</marc:subfield></marc:datafield><marc:datafield tag="710" ind1="2" ind2=" "><marc:subfield code="a">Vlaamse overheid. Agentschap voor binnenlands bestuur</marc:subfield></marc:datafield><marc:datafield tag="920" ind1=" " ind2=" "><marc:subfield code="a">book</marc:subfield></marc:datafield></marc:record>