<marc:record><marc:leader>05618cam a22003618i 4500</marc:leader><marc:controlfield tag="005">20250918232113.0</marc:controlfield><marc:controlfield tag="008">231010s2024    enk    |rb   |001 ||eng||</marc:controlfield><marc:controlfield tag="001">990036753450409161</marc:controlfield><marc:datafield tag="010" ind1=" " ind2=" "><marc:subfield code="a">2023029373</marc:subfield></marc:datafield><marc:datafield tag="020" ind1=" " ind2=" "><marc:subfield code="a">9781032226156</marc:subfield><marc:subfield code="q">(hardback)</marc:subfield></marc:datafield><marc:datafield tag="020" ind1=" " ind2=" "><marc:subfield code="a">9781032226187</marc:subfield><marc:subfield code="q">(paperback)</marc:subfield></marc:datafield><marc:datafield tag="020" ind1=" " ind2=" "><marc:subfield code="z">9781003273356</marc:subfield><marc:subfield code="q">(ebook)</marc:subfield></marc:datafield><marc:datafield tag="035" ind1=" " ind2=" "><marc:subfield code="a">(RUG01)003675345</marc:subfield></marc:datafield><marc:datafield tag="035" ind1=" " ind2=" "><marc:subfield code="a">23346126</marc:subfield></marc:datafield><marc:datafield tag="040" ind1=" " ind2=" "><marc:subfield code="a">DLC</marc:subfield><marc:subfield code="b">eng</marc:subfield><marc:subfield code="c">DLC</marc:subfield><marc:subfield code="e">rda</marc:subfield></marc:datafield><marc:datafield tag="042" ind1=" " ind2=" "><marc:subfield code="a">pcc</marc:subfield></marc:datafield><marc:datafield tag="050" ind1="0" ind2="0"><marc:subfield code="a">PN53</marc:subfield><marc:subfield code="b">.R687 2024</marc:subfield></marc:datafield><marc:datafield tag="082" ind1="0" ind2="0"><marc:subfield code="a">809.93357</marc:subfield><marc:subfield code="2">23/eng/20231107</marc:subfield></marc:datafield><marc:datafield tag="245" ind1="0" ind2="4"><marc:subfield code="a">The Routledge companion to literature and art /</marc:subfield><marc:subfield code="c">edited by Neil Murphy, W. Michelle Wang, and Cheryl Julia Lee.</marc:subfield></marc:datafield><marc:datafield tag="263" ind1=" " ind2=" "><marc:subfield code="a">2401</marc:subfield></marc:datafield><marc:datafield tag="264" ind1=" " ind2="1"><marc:subfield code="a">Abingdon, Oxon ;</marc:subfield><marc:subfield code="a">New York, NY :</marc:subfield><marc:subfield code="b">Routledge,</marc:subfield><marc:subfield code="c">2024.</marc:subfield></marc:datafield><marc:datafield tag="300" ind1=" " ind2=" "><marc:subfield code="a">Xxii, 510 p.: ill.</marc:subfield></marc:datafield><marc:datafield tag="490" ind1="0" ind2=" "><marc:subfield code="a">Routledge literature companions</marc:subfield></marc:datafield><marc:datafield tag="504" ind1=" " ind2=" "><marc:subfield code="a">Includes bibliographical references and index. Conceptual and performative art in Tom McCarthy, Michel Houellebecq and Don DeLillo / Joakim Wrethed -- Concealed strokes: Fu-bi as aesthetic principle / W. Michelle Wang. Dasharatha&apos;s oil vat in the Mewar Ramayana / Subhashini Kaligotla -- The pictorial parallel and the early histories of eighteenth-century fiction / Jakub Lipski -- Laurence Sterne and eighteenth-century visual culture / Mary-Celine Newbould -- Delacroix reads Ivanhoe: &quot;painting thoughts&quot; / Beth S. Wright -- Another turn of the screw / Andrei Pop -- Driving the plot through color / Mieke Bal -- T. S. Eliot and the Gesamtkunstwerk or &quot;Total Work of Art&quot; / Aakanksha J. Virkar -- Dancing feeling, or Kinesthetic empathy in contemporary dance fictions / Torsa Ghosal -- Inscribed sites: Verbal art in postmodern built environments / Brian McAllister and Brian McHale -- Detritus art after WWII: Impoverishment, collage, and the inoperative tradition / Erika Mihálycsa -- Behind the painting, A Pantoum: Literature and art and Southeast Asia / Roger Nelson -- Bridging worlds: Infographics, maps, and photographs in graphic novels / Nancy Pedri -- Negotiating the in-between: Culture as &quot;A Gift that Circulates and which No One Owns&quot; in Nick Joaquín&apos;s &quot;A Portrait of The Artist as Filipino: An Elegy in Three Scenes&quot; / Cheryl Julia Lee -- Multivalent muses in Mori Ogai&apos;s fictions / Anri Yasuda -- Making magic: Comics and the ekphrastic art of the almost there / Shiamin Kwa -- Ekphrasis: Art and texts on art in the Ottoman world / Jale N. Erzen -- &quot;Wildly Visual&quot;: Bouvier, Synge, and Flaherty on the Aran Islands / Elizabeth Geary Keohane -- A Matisse story: A.S. Byatt&apos;s &quot;A Lamia in the Cévennes&quot; and the religion of happiness / Laurence Petit -- Art - Life - Planet: Ekphrasis Today / Sofie Behluli and Gabriele Rippl -- A history of visual poetry / Jane Partner -- Entwining ephemeral with the eternal: Locus, Conca, and Margarita at Conques / Bissera V. Pentcheva -- Representing truth in illuminated Arthurian manuscripts: Specular encounters and the meta image / Dominique DeLuca --</marc:subfield></marc:datafield><marc:datafield tag="505" ind1="0" ind2=" "><marc:subfield code="a">The concept of literature / Gordon Graham -- Cracking the mirror: Autobiography and self-portraiture / James A. W. Heffernan -- Literature, art, craft / Derek Attridge -- Beauty as interaction / Wendy Steiner -- Figuration: The cinematic in literature / Mieke Bal -- A new science of aesthetics: The dual brain mechanics of beauty, wonder, and the sublime / Angus Fletcher -- Experiential aesthetics and varieties of the sublime / Patrick Colm Hogan -- The unattainable in the literature of love / Semir Zeki -- &quot;Go and catch a falling star&quot;: Embodiment, cognition, and imagery / G. Gabrielle Starr -- Ekphrastic encounters and contemporary fiction / Neil Murphy -- The strange case of notional ekphrasis / Liliane Louvel -- The temporal politics of Chaucerian ekphrasis and the beginnings of Trecento art history / Andrew James Johnston -- Ekphrasis and the modern lyric / Elizabeth K. Helsinger --</marc:subfield></marc:datafield><marc:datafield tag="520" ind1=" " ind2=" "><marc:subfield code="a">&quot;The Routledge Companion to Literature and Art explores the links between literature and visual art from classical ekphrasis through to contemporary experimental forms. The collection&apos;s engagement with diverse literary and cultural artifacts offers a comprehensive survey of the vibrant interrelationships that currently inform literary studies and the arts. Featuring four sections, the first part provides an overview of theoretical approaches to art and literature from philosophy and aesthetics through to cognitive neuroscience. Section two examines one of the most important intersections between text and image: the workings of ekphrasis across poetry, fiction, drama, comics, life and travel writing, and architectural treatises. The third and fourth sections consider intermedial crossings from antiquity to the present. The contributors examine the rich intermedial experiments that range from manuscript studies to infographics in graphic narratives, illuminating the vibrant ways in which texts have intersected with illustration, music, dance, architecture, painting, photography, media installations, and television. Throughout this dynamic collection of 37 chapters, the contributors evolve existing critical debates in innovative new directions. The volume will be a critical resource for advanced undergraduate and graduate students, as well as specialist scholars working in literary studies, philosophy of art, text and image studies, and visual culture&quot;--</marc:subfield><marc:subfield code="c">Provided by publisher.</marc:subfield></marc:datafield><marc:datafield tag="650" ind1=" " ind2="0"><marc:subfield code="a">Art and literature.</marc:subfield></marc:datafield><marc:datafield tag="650" ind1=" " ind2="0"><marc:subfield code="a">Art in literature.</marc:subfield></marc:datafield><marc:datafield tag="700" ind1="1" ind2=" "><marc:subfield code="a">Murphy, Neil,</marc:subfield><marc:subfield code="d">....-</marc:subfield><marc:subfield code="0">(viaf)</marc:subfield><marc:subfield code="4">edt</marc:subfield></marc:datafield><marc:datafield tag="700" ind1="1" ind2=" "><marc:subfield code="a">Wang, W. Michelle,</marc:subfield><marc:subfield code="d">....-</marc:subfield><marc:subfield code="0">(viaf)</marc:subfield><marc:subfield code="4">edt</marc:subfield></marc:datafield><marc:datafield tag="700" ind1="1" ind2=" "><marc:subfield code="a">Lee, Cheryl Julia,</marc:subfield><marc:subfield code="d">....-</marc:subfield><marc:subfield code="0">(viaf)</marc:subfield><marc:subfield code="4">edt</marc:subfield></marc:datafield><marc:datafield tag="920" ind1=" " ind2=" "><marc:subfield code="a">book</marc:subfield></marc:datafield><marc:datafield tag="SID" ind1=" " ind2=" "><marc:subfield code="a">Z39</marc:subfield><marc:subfield code="b">LOC</marc:subfield></marc:datafield></marc:record>