<marc:record><marc:leader>02463cam a22003852c 4500</marc:leader><marc:controlfield tag="005">20251020102654.0</marc:controlfield><marc:controlfield tag="008">240226s2025    enk|||||r    |00| ||eng|c</marc:controlfield><marc:controlfield tag="001">990036753440409161</marc:controlfield><marc:datafield tag="SID" ind1=" " ind2=" "><marc:subfield code="a">Z39</marc:subfield><marc:subfield code="b">K10PLUS</marc:subfield></marc:datafield><marc:datafield tag="020" ind1=" " ind2=" "><marc:subfield code="a">9781108478007</marc:subfield><marc:subfield code="q">hbk</marc:subfield></marc:datafield><marc:datafield tag="035" ind1=" " ind2=" "><marc:subfield code="a">(RUG01)003675344</marc:subfield></marc:datafield><marc:datafield tag="035" ind1=" " ind2=" "><marc:subfield code="a">(DE-627)1881584992</marc:subfield></marc:datafield><marc:datafield tag="035" ind1=" " ind2=" "><marc:subfield code="a">(DE-599)KEP100854648</marc:subfield></marc:datafield><marc:datafield tag="035" ind1=" " ind2=" "><marc:subfield code="a">(OCoLC)1423293133</marc:subfield></marc:datafield><marc:datafield tag="035" ind1=" " ind2=" "><marc:subfield code="a">(CUP)CR9781108784122</marc:subfield></marc:datafield><marc:datafield tag="035" ind1=" " ind2=" "><marc:subfield code="a">(DE-627-1)100854648</marc:subfield></marc:datafield><marc:datafield tag="040" ind1=" " ind2=" "><marc:subfield code="a">DE-627</marc:subfield><marc:subfield code="b">ger</marc:subfield><marc:subfield code="c">DE-627</marc:subfield><marc:subfield code="e">rda</marc:subfield></marc:datafield><marc:datafield tag="050" ind1=" " ind2="0"><marc:subfield code="a">QK573</marc:subfield><marc:subfield code="b">.F74 2011</marc:subfield></marc:datafield><marc:datafield tag="082" ind1="0" ind2=" "><marc:subfield code="a">579.8/1760941</marc:subfield><marc:subfield code="2">23</marc:subfield></marc:datafield><marc:datafield tag="245" ind1="0" ind2="4"><marc:subfield code="a">The freshwater algal flora of the British Isles :</marc:subfield><marc:subfield code="b">an identification guide to freshwater and terrestrial algae /</marc:subfield><marc:subfield code="c">edited by David M. John, Brian A. Whitton, Alan J. Brook.</marc:subfield></marc:datafield><marc:datafield tag="250" ind1=" " ind2=" "><marc:subfield code="a">2nd edition</marc:subfield></marc:datafield><marc:datafield tag="260" ind1=" " ind2=" "><marc:subfield code="a">Cambridge :</marc:subfield><marc:subfield code="b">Cambridge university press,</marc:subfield><marc:subfield code="c">2025.</marc:subfield></marc:datafield><marc:datafield tag="300" ind1=" " ind2=" "><marc:subfield code="a">XVII, 878 p.: ill.</marc:subfield></marc:datafield><marc:datafield tag="500" ind1=" " ind2=" "><marc:subfield code="a">with accompanying online material</marc:subfield></marc:datafield><marc:datafield tag="520" ind1=" " ind2=" "><marc:subfield code="a">Building on the success of the first edition and featuring contributions from leading experts in the field, this expanded and thoroughly revised second edition provides an indispensable guide to the freshwater and terrestrial algae of the British Isles. It is an up-to-date account of and identification tool for more than 2400 algal species (excluding diatoms), highlighting their wider distribution around the world. Detailed descriptions are fully illustrated with clear line drawings and photographs including 190 full-page plates, eight of which are full colour. In addition, user-friendly keys enable the accurate identification of specimens to the level of genus and species. This edition includes expanded information on ecology and the implications of recent molecular research, along with coverage of 200 extra species. The accompanying online material provides a colour photo catalogue, highly illustrated articles and video clips, making this the comprehensive reference tool for both researchers and professionals in the field.</marc:subfield></marc:datafield><marc:datafield tag="650" ind1=" " ind2="0"><marc:subfield code="a">Algae</marc:subfield><marc:subfield code="v">Classification</marc:subfield><marc:subfield code="z">British Isles</marc:subfield></marc:datafield><marc:datafield tag="650" ind1=" " ind2="0"><marc:subfield code="a">Algae</marc:subfield><marc:subfield code="v">Identification</marc:subfield><marc:subfield code="z">British Isles</marc:subfield></marc:datafield><marc:datafield tag="650" ind1=" " ind2="0"><marc:subfield code="a">Freshwater algae</marc:subfield><marc:subfield code="v">Classification</marc:subfield><marc:subfield code="z">British Isles</marc:subfield></marc:datafield><marc:datafield tag="650" ind1=" " ind2="0"><marc:subfield code="a">Freshwater algae</marc:subfield><marc:subfield code="v">Identification</marc:subfield><marc:subfield code="z">British Isles</marc:subfield></marc:datafield><marc:datafield tag="700" ind1="1" ind2=" "><marc:subfield code="a">John, David M.,</marc:subfield><marc:subfield code="d">1942-</marc:subfield><marc:subfield code="0">(viaf)56682465</marc:subfield></marc:datafield><marc:datafield tag="700" ind1="1" ind2=" "><marc:subfield code="a">Whitton, Brian A.,</marc:subfield><marc:subfield code="d">1935-</marc:subfield><marc:subfield code="0">(viaf)24661954</marc:subfield></marc:datafield><marc:datafield tag="700" ind1="1" ind2=" "><marc:subfield code="a">Brook, Alan J.,</marc:subfield><marc:subfield code="d">1923-2013</marc:subfield><marc:subfield code="0">(viaf)46977227</marc:subfield></marc:datafield><marc:datafield tag="710" ind1="2" ind2=" "><marc:subfield code="a">British phycological society</marc:subfield></marc:datafield><marc:datafield tag="710" ind1="2" ind2=" "><marc:subfield code="a">Natural history museum London</marc:subfield></marc:datafield><marc:datafield tag="920" ind1=" " ind2=" "><marc:subfield code="a">book</marc:subfield></marc:datafield></marc:record>