<marc:record><marc:leader>00475nam a2200157 a 4500</marc:leader><marc:controlfield tag="005">20250919145726.0</marc:controlfield><marc:controlfield tag="008">250730|2025||||xx |||||r|||||||| ||   |d</marc:controlfield><marc:controlfield tag="001">990036753430409161</marc:controlfield><marc:datafield tag="020" ind1=" " ind2=" "><marc:subfield code="a">9781399809504</marc:subfield><marc:subfield code="q">pbk</marc:subfield></marc:datafield><marc:datafield tag="035" ind1=" " ind2=" "><marc:subfield code="a">(RUG01)003675343</marc:subfield></marc:datafield><marc:datafield tag="040" ind1=" " ind2=" "><marc:subfield code="a">BE-GnUNI</marc:subfield></marc:datafield><marc:datafield tag="100" ind1="1" ind2=" "><marc:subfield code="a">Dirsus, Marcel,</marc:subfield><marc:subfield code="d">1990-</marc:subfield><marc:subfield code="0">(viaf)5712173487903247560004</marc:subfield></marc:datafield><marc:datafield tag="245" ind1="1" ind2="0"><marc:subfield code="a">How Tyrants Fall. :</marc:subfield><marc:subfield code="b">And How Nations Survive /</marc:subfield><marc:subfield code="c">Marcel Dirsus</marc:subfield></marc:datafield><marc:datafield tag="260" ind1=" " ind2=" "><marc:subfield code="a">Londen :</marc:subfield><marc:subfield code="b">John Murray Press,</marc:subfield><marc:subfield code="c">2025.</marc:subfield></marc:datafield><marc:datafield tag="300" ind1=" " ind2=" "><marc:subfield code="a">294 p.</marc:subfield></marc:datafield><marc:datafield tag="920" ind1=" " ind2=" "><marc:subfield code="a">book</marc:subfield></marc:datafield></marc:record>