<marc:record><marc:leader>02315cam a2200373ui 4500</marc:leader><marc:controlfield tag="005">20251020102856.0</marc:controlfield><marc:controlfield tag="008">160609s2016    fr af  |rb   |001 ||mul|d</marc:controlfield><marc:controlfield tag="001">990036753410409161</marc:controlfield><marc:datafield tag="SID" ind1=" " ind2=" "><marc:subfield code="a">Z39</marc:subfield><marc:subfield code="b">01HVD_INST</marc:subfield></marc:datafield><marc:datafield tag="020" ind1=" " ind2=" "><marc:subfield code="a">9782753549876(pbk.):</marc:subfield></marc:datafield><marc:datafield tag="035" ind1=" " ind2=" "><marc:subfield code="a">(RUG01)003675341</marc:subfield></marc:datafield><marc:datafield tag="035" ind1=" " ind2=" "><marc:subfield code="a">(OCoLC)951456079</marc:subfield></marc:datafield><marc:datafield tag="040" ind1=" " ind2=" "><marc:subfield code="a">Fr-PaAMA</marc:subfield><marc:subfield code="b">eng</marc:subfield><marc:subfield code="e">rda</marc:subfield></marc:datafield><marc:datafield tag="041" ind1="1" ind2=" "><marc:subfield code="a">fre</marc:subfield><marc:subfield code="a">ger</marc:subfield><marc:subfield code="h">ger</marc:subfield></marc:datafield><marc:datafield tag="043" ind1=" " ind2=" "><marc:subfield code="a">e-fr---</marc:subfield></marc:datafield><marc:datafield tag="050" ind1=" " ind2="4"><marc:subfield code="a">DC24</marc:subfield><marc:subfield code="b">.M67 2016</marc:subfield></marc:datafield><marc:datafield tag="100" ind1="1" ind2=" "><marc:subfield code="a">Hiernard, Jean,</marc:subfield><marc:subfield code="d">1944-</marc:subfield><marc:subfield code="0">(viaf)61547063</marc:subfield></marc:datafield><marc:datafield tag="245" ind1="1" ind2="3"><marc:subfield code="a">Un landgrave incognito :</marc:subfield><marc:subfield code="b">le voyage de France de Maurice de Hesse (1602) /</marc:subfield><marc:subfield code="c">Jean Hiernard et François Kihm.</marc:subfield></marc:datafield><marc:datafield tag="260" ind1=" " ind2=" "><marc:subfield code="a">Rennes :</marc:subfield><marc:subfield code="b">Presses universitaires de Rennes,</marc:subfield><marc:subfield code="c">2016.</marc:subfield></marc:datafield><marc:datafield tag="300" ind1=" " ind2=" "><marc:subfield code="a">205 p.: ill. ;</marc:subfield><marc:subfield code="c">21 cm.</marc:subfield></marc:datafield><marc:datafield tag="490" ind1="0" ind2=" "><marc:subfield code="a">Textes rares</marc:subfield><marc:subfield code="x">1279-757X</marc:subfield></marc:datafield><marc:datafield tag="500" ind1=" " ind2=" "><marc:subfield code="3">LWBIB.L06.NT.05.D.D.0533</marc:subfield><marc:subfield code="a">Gesigneerd door de auteur, J. Hiernard</marc:subfield></marc:datafield><marc:datafield tag="500" ind1=" " ind2=" "><marc:subfield code="3">LWBIB.L06.NT.05.D.D.0533</marc:subfield><marc:subfield code="a">Met ex libris van Hilde Symoens</marc:subfield></marc:datafield><marc:datafield tag="504" ind1=" " ind2=" "><marc:subfield code="a">Includes bibliographical references and index.</marc:subfield></marc:datafield><marc:datafield tag="520" ind1=" " ind2=" "><marc:subfield code="a">&quot;Il fut un temps ou la France, à peine sortie des guerres de Religion, entretenait avec les princes allemands luthériens des relations cordiales non exemptes d&apos;arrières pensées politiques, visant à faire reculer les menaces émanant des Habsbourg (l&apos;Autriche et (l&apos;Espagne. Un prince comme le landgrave de Hesse Maurice dit &quot;le Savant&quot;, contemporain et ami d&apos;Henri IV en est un exemple parfait, type même de souverain cultivé amoureux de la France, de sa langue et de sa culture. Jean Hiernard et François Kilim publient le texte et la traduction de la relation d&apos;un voyage qu&apos;il effectua en 1602 à travers le royaume sous un nom d&apos;emprunt, à la manière d&apos;un étudiant, afin de rencontrer le Navarrais et de lui proposer la couronne impériale.&quot;--Page 4 of cover.</marc:subfield></marc:datafield><marc:datafield tag="541" ind1=" " ind2=" "><marc:subfield code="3">LWBIB.L06.NT.05.D.D.0533</marc:subfield><marc:subfield code="c">Schenking</marc:subfield><marc:subfield code="a">De Ridder-Symoens, Hilde</marc:subfield><marc:subfield code="d">16/03/2023</marc:subfield></marc:datafield><marc:datafield tag="546" ind1=" " ind2=" "><marc:subfield code="a">German text followed by French translation; added commentaries in French.</marc:subfield></marc:datafield><marc:datafield tag="600" ind1="1" ind2="0"><marc:subfield code="a">Hesse-Cassel, Maurice de,</marc:subfield><marc:subfield code="d">1572-1632</marc:subfield><marc:subfield code="x">Travel</marc:subfield><marc:subfield code="z">France.</marc:subfield></marc:datafield><marc:datafield tag="651" ind1=" " ind2="0"><marc:subfield code="a">France</marc:subfield><marc:subfield code="v">Early works to 1800</marc:subfield><marc:subfield code="x">Description and travel</marc:subfield></marc:datafield><marc:datafield tag="655" ind1=" " ind2="7"><marc:subfield code="a">Early works.</marc:subfield><marc:subfield code="0">(OCoLC)fst01411636</marc:subfield><marc:subfield code="2">fast</marc:subfield></marc:datafield><marc:datafield tag="700" ind1="1" ind2=" "><marc:subfield code="a">Moritz,</marc:subfield><marc:subfield code="c">Landgrave of Hesse-Kassel,</marc:subfield><marc:subfield code="d">1572-1632</marc:subfield><marc:subfield code="0">(viaf)</marc:subfield><marc:subfield code="4">aut</marc:subfield></marc:datafield><marc:datafield tag="700" ind1="1" ind2=" "><marc:subfield code="a">Kihm, François,</marc:subfield><marc:subfield code="d">....-</marc:subfield><marc:subfield code="0">(viaf)213147093766425001712</marc:subfield></marc:datafield><marc:datafield tag="830" ind1=" " ind2="0"><marc:subfield code="a">Textes rares (Rennes, France)</marc:subfield></marc:datafield><marc:datafield tag="920" ind1=" " ind2=" "><marc:subfield code="a">book</marc:subfield></marc:datafield></marc:record>