<marc:record><marc:leader>01286nam a22002774i 4500</marc:leader><marc:controlfield tag="005">20251020110100.0</marc:controlfield><marc:controlfield tag="008">030424s2003    fr c   |rbd  |010 ||fre|d</marc:controlfield><marc:controlfield tag="001">990036753400409161</marc:controlfield><marc:datafield tag="SID" ind1=" " ind2=" "><marc:subfield code="a">Z39</marc:subfield><marc:subfield code="b">01HVD_INST</marc:subfield></marc:datafield><marc:datafield tag="020" ind1=" " ind2=" "><marc:subfield code="a">2840502577</marc:subfield></marc:datafield><marc:datafield tag="035" ind1=" " ind2=" "><marc:subfield code="a">(RUG01)003675340</marc:subfield></marc:datafield><marc:datafield tag="035" ind1=" " ind2=" "><marc:subfield code="a">(OCoLC)236111029</marc:subfield></marc:datafield><marc:datafield tag="040" ind1=" " ind2=" "><marc:subfield code="a">HAR</marc:subfield></marc:datafield><marc:datafield tag="043" ind1=" " ind2=" "><marc:subfield code="a">e-fr---</marc:subfield></marc:datafield><marc:datafield tag="050" ind1=" " ind2="4"><marc:subfield code="a">LA698</marc:subfield><marc:subfield code="b">.D86 2003</marc:subfield></marc:datafield><marc:datafield tag="100" ind1="1" ind2=" "><marc:subfield code="a">Dupront, Alphonse,</marc:subfield><marc:subfield code="d">1905-1990</marc:subfield><marc:subfield code="0">(viaf)93701020</marc:subfield></marc:datafield><marc:datafield tag="245" ind1="1" ind2="3"><marc:subfield code="a">La chaîne vive :</marc:subfield><marc:subfield code="b">l&apos;université, école d&apos;humanité /</marc:subfield><marc:subfield code="c">textes d&apos;Alphonse Dupront ; réunis par Etienne Broglin ; préface de Jean Mesnard ; évocations de Pierre-Georges Castex, Françoise Crouzet, François Cariès, Robert Sauzet, Stélio Farandjis, Charles Carrière, Max Kohnstamm, Gigliola Fragnito Margiotta Broglio ; postface d&apos;Etienne Broglin.</marc:subfield></marc:datafield><marc:datafield tag="260" ind1=" " ind2=" "><marc:subfield code="a">Paris :</marc:subfield><marc:subfield code="b">Presses de l&apos;Université de Paris-Sorbonne,</marc:subfield><marc:subfield code="c">2003.</marc:subfield></marc:datafield><marc:datafield tag="300" ind1=" " ind2=" "><marc:subfield code="a">193 p.: ill.. ;</marc:subfield><marc:subfield code="c">24 x 16 cm.</marc:subfield></marc:datafield><marc:datafield tag="504" ind1=" " ind2=" "><marc:subfield code="a">Bibliographie d&apos;Alphonse Dupront: p. 181-191.</marc:subfield></marc:datafield><marc:datafield tag="541" ind1=" " ind2=" "><marc:subfield code="3">LWBIB.L06.NT.02.H.0045</marc:subfield><marc:subfield code="c">Schenking</marc:subfield><marc:subfield code="a">De Ridder-Symoens, Hilde</marc:subfield><marc:subfield code="d">16/03/2023</marc:subfield></marc:datafield><marc:datafield tag="600" ind1="1" ind2="0"><marc:subfield code="a">Dupront, Alphonse,</marc:subfield><marc:subfield code="d">1905-</marc:subfield></marc:datafield><marc:datafield tag="650" ind1=" " ind2="0"><marc:subfield code="a">Education, Higher</marc:subfield><marc:subfield code="x">History</marc:subfield><marc:subfield code="y">20th century.</marc:subfield><marc:subfield code="z">France</marc:subfield></marc:datafield><marc:datafield tag="655" ind1=" " ind2="7"><marc:subfield code="a">History.</marc:subfield><marc:subfield code="0">(OCoLC)fst01411628</marc:subfield><marc:subfield code="2">fast</marc:subfield></marc:datafield><marc:datafield tag="700" ind1="1" ind2=" "><marc:subfield code="a">Broglin, Étienne,</marc:subfield><marc:subfield code="d">....-</marc:subfield><marc:subfield code="0">(viaf)24735066</marc:subfield></marc:datafield><marc:datafield tag="920" ind1=" " ind2=" "><marc:subfield code="a">book</marc:subfield></marc:datafield></marc:record>