<marc:record><marc:leader>01194nam a2200265 a 4500</marc:leader><marc:controlfield tag="005">20250917111825.0</marc:controlfield><marc:controlfield tag="008">250730|2024||||be |||||rm||||||| ||eng|d</marc:controlfield><marc:controlfield tag="001">990036753390409161</marc:controlfield><marc:datafield tag="020" ind1=" " ind2=" "><marc:subfield code="a">9789463558259</marc:subfield></marc:datafield><marc:datafield tag="035" ind1=" " ind2=" "><marc:subfield code="a">(RUG01)003675339</marc:subfield></marc:datafield><marc:datafield tag="040" ind1=" " ind2=" "><marc:subfield code="a">BE-GnUNI</marc:subfield></marc:datafield><marc:datafield tag="041" ind1=" " ind2=" "><marc:subfield code="a">eng</marc:subfield><marc:subfield code="b">eng</marc:subfield><marc:subfield code="b">dut</marc:subfield></marc:datafield><marc:datafield tag="100" ind1="1" ind2=" "><marc:subfield code="a">Cauwels, Margo,</marc:subfield><marc:subfield code="d">1997-</marc:subfield><marc:subfield code="0">(ugent)01405068</marc:subfield><marc:subfield code="0">(viaf)</marc:subfield></marc:datafield><marc:datafield tag="245" ind1="1" ind2="0"><marc:subfield code="a">Microstructural and micromechanical assessment of hydrogen embrittlement in pipeline steels /</marc:subfield><marc:subfield code="c">Margo Cauwels.</marc:subfield></marc:datafield><marc:datafield tag="260" ind1=" " ind2=" "><marc:subfield code="a">Ghent :</marc:subfield><marc:subfield code="b">Ghent University,</marc:subfield><marc:subfield code="c">2024.</marc:subfield></marc:datafield><marc:datafield tag="300" ind1=" " ind2=" "><marc:subfield code="a">XXIX, 216 p. : ill.</marc:subfield></marc:datafield><marc:datafield tag="502" ind1=" " ind2=" "><marc:subfield code="a">Doctoral dissertation submitted to obtain the adademic degree of Doctor of Materials Engineering</marc:subfield></marc:datafield><marc:datafield tag="518" ind1=" " ind2=" "><marc:subfield code="o">Verdediging</marc:subfield><marc:subfield code="d">2024-03-27</marc:subfield><marc:subfield code="p">Gent</marc:subfield></marc:datafield><marc:datafield tag="599" ind1=" " ind2=" "><marc:subfield code="a">CONFIDENTIEEL tot 2034-01-01</marc:subfield></marc:datafield><marc:datafield tag="700" ind1="1" ind2=" "><marc:subfield code="a">Verbeken, Kim,</marc:subfield><marc:subfield code="d">1977-</marc:subfield><marc:subfield code="0">(ugent)801001351993</marc:subfield><marc:subfield code="0">(viaf)65163409244700092565</marc:subfield><marc:subfield code="e">promotor</marc:subfield></marc:datafield><marc:datafield tag="700" ind1="1" ind2=" "><marc:subfield code="a">Depover, Tom,</marc:subfield><marc:subfield code="d">1988-</marc:subfield><marc:subfield code="0">(ugent)802001111896</marc:subfield><marc:subfield code="0">(viaf)0</marc:subfield><marc:subfield code="e">copromotor</marc:subfield></marc:datafield><marc:datafield tag="700" ind1="1" ind2=" "><marc:subfield code="a">Hertelé, Stijn,</marc:subfield><marc:subfield code="d">1986-</marc:subfield><marc:subfield code="0">(ugent)802000427240</marc:subfield><marc:subfield code="0">(viaf)108146573861338100891</marc:subfield><marc:subfield code="e">copromotor</marc:subfield></marc:datafield><marc:datafield tag="710" ind1="2" ind2=" "><marc:subfield code="a">Ghent University</marc:subfield><marc:subfield code="b">Faculty of Engineering and Architecture</marc:subfield><marc:subfield code="b">Department of Materials, Textiles and Chemical Engineering</marc:subfield></marc:datafield><marc:datafield tag="920" ind1=" " ind2=" "><marc:subfield code="a">phd</marc:subfield></marc:datafield><marc:datafield tag="922" ind1=" " ind2=" "><marc:subfield code="a">UGENT-EA</marc:subfield></marc:datafield></marc:record>