<marc:record><marc:leader>01099nam a2200241 u 4500</marc:leader><marc:controlfield tag="005">20251020100431.0</marc:controlfield><marc:controlfield tag="008">150319s2013    be     |r|   |000 ||dut|d</marc:controlfield><marc:controlfield tag="001">990036753380409161</marc:controlfield><marc:datafield tag="SID" ind1=" " ind2=" "><marc:subfield code="a">Z39</marc:subfield><marc:subfield code="b">32KUL_LIBIS_NETWORK</marc:subfield></marc:datafield><marc:datafield tag="035" ind1=" " ind2=" "><marc:subfield code="a">(RUG01)003675338</marc:subfield></marc:datafield><marc:datafield tag="035" ind1=" " ind2=" "><marc:subfield code="a">(BeLVLBS)9992178571401471</marc:subfield></marc:datafield><marc:datafield tag="040" ind1=" " ind2=" "><marc:subfield code="a">BeLVLBS</marc:subfield><marc:subfield code="b">Language of cataloging varies</marc:subfield><marc:subfield code="e">rda based</marc:subfield></marc:datafield><marc:datafield tag="245" ind1="0" ind2="0"><marc:subfield code="k">[catalog]</marc:subfield><marc:subfield code="a">In vriendschap verbonden :</marc:subfield><marc:subfield code="b">Liber Amicorum of vriendenboekje in de 16e en 17e eeuw in de Nederlanden /</marc:subfield><marc:subfield code="c">Ria Fabri, Hildegard Van de Velde, ...[et al.].</marc:subfield></marc:datafield><marc:datafield tag="260" ind1=" " ind2=" "><marc:subfield code="a">Antwerpen :</marc:subfield><marc:subfield code="b">Museum Nicolaas Rockox</marc:subfield><marc:subfield code="b">KMSKA,</marc:subfield><marc:subfield code="c">2013.</marc:subfield></marc:datafield><marc:datafield tag="300" ind1=" " ind2=" "><marc:subfield code="a">120 p. :</marc:subfield><marc:subfield code="b">ill.</marc:subfield></marc:datafield><marc:datafield tag="500" ind1=" " ind2=" "><marc:subfield code="3">LWBIB.L06.NT.03.H.A.0035</marc:subfield><marc:subfield code="a">Met ex libris van Hilde Symoens</marc:subfield></marc:datafield><marc:datafield tag="518" ind1=" " ind2=" "><marc:subfield code="o">Tentoonstelling</marc:subfield><marc:subfield code="d">28/09/2013-15/12/2013</marc:subfield><marc:subfield code="p">Antwerpen. Rockoxhuis</marc:subfield></marc:datafield><marc:datafield tag="541" ind1=" " ind2=" "><marc:subfield code="3">LWBIB.L06.NT.03.H.A.0035</marc:subfield><marc:subfield code="c">Schenking</marc:subfield><marc:subfield code="a">De Ridder-Symoens, Hilde</marc:subfield><marc:subfield code="d">16/03/2023</marc:subfield></marc:datafield><marc:datafield tag="700" ind1="1" ind2=" "><marc:subfield code="a">Thomassen, Kees,</marc:subfield><marc:subfield code="d">1950-2015</marc:subfield><marc:subfield code="0">(viaf)37055879</marc:subfield></marc:datafield><marc:datafield tag="700" ind1="1" ind2=" "><marc:subfield code="a">Fabri, Ria,</marc:subfield><marc:subfield code="d">1952-</marc:subfield><marc:subfield code="0">(viaf)65659214</marc:subfield></marc:datafield><marc:datafield tag="700" ind1="1" ind2=" "><marc:subfield code="a">De Schepper, Marcus,</marc:subfield><marc:subfield code="d">1951-</marc:subfield><marc:subfield code="0">(viaf)18428927</marc:subfield></marc:datafield><marc:datafield tag="700" ind1="1" ind2=" "><marc:subfield code="a">van de Velde, Hildegard,</marc:subfield><marc:subfield code="d">1960-</marc:subfield><marc:subfield code="0">(viaf)75935006</marc:subfield></marc:datafield><marc:datafield tag="920" ind1=" " ind2=" "><marc:subfield code="a">catalog</marc:subfield></marc:datafield></marc:record>