<marc:record><marc:leader>02579cam a22002897i 4500</marc:leader><marc:controlfield tag="005">20250918232114.0</marc:controlfield><marc:controlfield tag="008">240202s2021    nyua||||r|||||001 ||eng|c</marc:controlfield><marc:controlfield tag="001">990036753370409161</marc:controlfield><marc:datafield tag="020" ind1=" " ind2=" "><marc:subfield code="a">9781260575712</marc:subfield><marc:subfield code="q">(paperback)</marc:subfield></marc:datafield><marc:datafield tag="035" ind1=" " ind2=" "><marc:subfield code="a">(RUG01)003675337</marc:subfield></marc:datafield><marc:datafield tag="035" ind1=" " ind2=" "><marc:subfield code="a">(Adlibris)9781260575712</marc:subfield></marc:datafield><marc:datafield tag="040" ind1=" " ind2=" "><marc:subfield code="a">Adli</marc:subfield><marc:subfield code="b">eng</marc:subfield><marc:subfield code="c">HUA</marc:subfield><marc:subfield code="d">Hib</marc:subfield><marc:subfield code="e">i</marc:subfield><marc:subfield code="e">rda</marc:subfield></marc:datafield><marc:datafield tag="041" ind1=" " ind2=" "><marc:subfield code="a">eng</marc:subfield></marc:datafield><marc:datafield tag="050" ind1=" " ind2="4"><marc:subfield code="a">TS155</marc:subfield></marc:datafield><marc:datafield tag="082" ind1="0" ind2="4"><marc:subfield code="a">658.5</marc:subfield><marc:subfield code="2">23</marc:subfield></marc:datafield><marc:datafield tag="100" ind1="1" ind2=" "><marc:subfield code="a">Stevenson, William J.,</marc:subfield><marc:subfield code="d">....-</marc:subfield><marc:subfield code="0">(viaf)</marc:subfield><marc:subfield code="4">aut</marc:subfield></marc:datafield><marc:datafield tag="245" ind1="1" ind2="0"><marc:subfield code="a">Operations management /</marc:subfield><marc:subfield code="c">William J. Stevenson.</marc:subfield></marc:datafield><marc:datafield tag="250" ind1=" " ind2=" "><marc:subfield code="a">Fourteenth edition, International student edition.</marc:subfield></marc:datafield><marc:datafield tag="264" ind1=" " ind2="1"><marc:subfield code="a">New York, NY :</marc:subfield><marc:subfield code="b">McGraw-Hill Education,</marc:subfield><marc:subfield code="c">[2021].</marc:subfield></marc:datafield><marc:datafield tag="264" ind1=" " ind2="4"><marc:subfield code="c">©2021</marc:subfield></marc:datafield><marc:datafield tag="300" ind1=" " ind2=" "><marc:subfield code="a">XXVIII, 930 p.: ill. ;</marc:subfield><marc:subfield code="c">28 cm.</marc:subfield></marc:datafield><marc:datafield tag="504" ind1=" " ind2=" "><marc:subfield code="a">Includes bibliographical references and indexes.</marc:subfield></marc:datafield><marc:datafield tag="505" ind1="8" ind2=" "><marc:subfield code="a">Introduction to operations management -- Competitiveness, strategy, and productivity -- Forecasting -- Product and service design. Supplement to chapter 4: Reliability -- Strategic capacity planning for products and services. Supplement to chapter 5: Decision theory -- Process selection and facility layout -- Work design and measurement. Supplement to chapter 7: Learning curves -- Location planning and analysis -- Management of quality -- Quality control -- Aggregate planning and master scheduling -- Inventory management -- MRP and ERP -- JIT and lean operations. Supplement to chapter 14: Maintenance -- Supply chain management -- Scheduling -- Project management -- Management of waiting lines -- Linear programming.</marc:subfield></marc:datafield><marc:datafield tag="520" ind1=" " ind2=" "><marc:subfield code="a">&apos;&apos;This beloved and market-leading Operations Management book has been completely updated in the 14th edition and provides a clear presentation of the field of Operations Management with current real-world examples and thoughtful student pedagogy. The comprehensive breadth of content is presented in more modular flexible chapters, so it may be used for different course levels ranging from undergrad to executive education. That flexibility allows for the choice of more or less quantitative material and flexibility in order of presentation since chapters do not depend on sequence. The topics covered include both strategic issues and practical applications. Among the topics are forecasting, product and service design, capacity planning, management of quality and quality control, inventory management, scheduling, supply chain management, and project management. The use of an adaptive online learning enhances the student experience and success.&apos;&apos;--</marc:subfield><marc:subfield code="c">Provided by publisher</marc:subfield></marc:datafield><marc:datafield tag="650" ind1=" " ind2="0"><marc:subfield code="a">Production management.</marc:subfield></marc:datafield><marc:datafield tag="920" ind1=" " ind2=" "><marc:subfield code="a">book</marc:subfield></marc:datafield><marc:datafield tag="SID" ind1=" " ind2=" "><marc:subfield code="a">Z39</marc:subfield><marc:subfield code="b">LIBR</marc:subfield></marc:datafield></marc:record>