<marc:record><marc:leader>02047nam a2200229 u 4500</marc:leader><marc:controlfield tag="005">20250918232118.0</marc:controlfield><marc:controlfield tag="008">230411s2025    be |||||r|||||0|| ||dut|d</marc:controlfield><marc:controlfield tag="001">990036753350409161</marc:controlfield><marc:datafield tag="020" ind1=" " ind2=" "><marc:subfield code="a">9781839705694</marc:subfield></marc:datafield><marc:datafield tag="035" ind1=" " ind2=" "><marc:subfield code="a">(RUG01)003675335</marc:subfield></marc:datafield><marc:datafield tag="035" ind1=" " ind2=" "><marc:subfield code="a">(BeLVLBS)9994512679901471</marc:subfield></marc:datafield><marc:datafield tag="040" ind1=" " ind2=" "><marc:subfield code="a">BeLVLBS</marc:subfield><marc:subfield code="b">Language of cataloging varies</marc:subfield><marc:subfield code="e">rda based</marc:subfield></marc:datafield><marc:datafield tag="100" ind1="1" ind2=" "><marc:subfield code="a">Rogge, Niels,</marc:subfield><marc:subfield code="d">1990-</marc:subfield><marc:subfield code="0">(ugent)00905670</marc:subfield><marc:subfield code="0">(viaf)</marc:subfield></marc:datafield><marc:datafield tag="245" ind1="1" ind2="0"><marc:subfield code="a">Sustainability and bank lending :</marc:subfield><marc:subfield code="b">assessing environmental and social lender liability /</marc:subfield><marc:subfield code="c">Niels Rogge.</marc:subfield></marc:datafield><marc:datafield tag="260" ind1=" " ind2=" "><marc:subfield code="a">Brussels :</marc:subfield><marc:subfield code="b">Intersentia,</marc:subfield><marc:subfield code="c">2025.</marc:subfield></marc:datafield><marc:datafield tag="264" ind1=" " ind2="1"><marc:subfield code="a">Brussels :</marc:subfield><marc:subfield code="b">Intersentia,</marc:subfield><marc:subfield code="c">2025.</marc:subfield></marc:datafield><marc:datafield tag="300" ind1=" " ind2=" "><marc:subfield code="a">XIX, 523 p.</marc:subfield></marc:datafield><marc:datafield tag="490" ind1="0" ind2=" "><marc:subfield code="a">Instituut financieel recht</marc:subfield><marc:subfield code="a">Financial law institute</marc:subfield><marc:subfield code="v">31</marc:subfield></marc:datafield><marc:datafield tag="500" ind1=" " ind2=" "><marc:subfield code="a">Tevens proefschrift Gent, 2025</marc:subfield></marc:datafield><marc:datafield tag="520" ind1="3" ind2=" "><marc:subfield code="a">How far does a bank’s responsibility extend when its financing enables harm to people or the planet? As sustainable finance moves to the forefront of regulatory priorities, financial institutions are under increasing pressure to integrate ESG considerations into their credit decisions. While this evolution is increasingly reflected in European regulation, its implications for banks’ private-law duties remain largely unexplored.This book offers a pioneering legal analysis of banks’ potential liability for environmental and social harm caused by their borrowers. It adopts a dual approach, examining both the Belgian liability framework and the influence of emerging prudential regulations at the EU level. Drawing on foreign case law and legal scholarship, it applies a functional comparative methodology to identify lessons from jurisdictions where banks have already faced climate-related litigation.By linking regulatory developments to civil liability risks, the study addresses a critical gap in legal scholarship. It offers essential insights for legal practitioners, financial institutions, advocacy groups, and policymakers navigating the transition towards a sustainable economy (Bron: Intersentia).</marc:subfield></marc:datafield><marc:datafield tag="920" ind1=" " ind2=" "><marc:subfield code="a">book</marc:subfield></marc:datafield><marc:datafield tag="SID" ind1=" " ind2=" "><marc:subfield code="a">Z39</marc:subfield><marc:subfield code="b">32KUL_LIBIS_NETWORK</marc:subfield></marc:datafield></marc:record>