<marc:record><marc:leader>02139cam a2200229uc 4500</marc:leader><marc:controlfield tag="005">20250918232116.0</marc:controlfield><marc:controlfield tag="008">230224s2025    be     |r|   |0|| ||eng|d</marc:controlfield><marc:controlfield tag="001">990036753320409161</marc:controlfield><marc:datafield tag="020" ind1=" " ind2=" "><marc:subfield code="a">9781839705700</marc:subfield><marc:subfield code="q">hardback</marc:subfield></marc:datafield><marc:datafield tag="035" ind1=" " ind2=" "><marc:subfield code="a">(RUG01)003675332</marc:subfield></marc:datafield><marc:datafield tag="035" ind1=" " ind2=" "><marc:subfield code="a">(BeLVLBS)9994475837401471</marc:subfield></marc:datafield><marc:datafield tag="040" ind1=" " ind2=" "><marc:subfield code="a">BeLVLBS</marc:subfield><marc:subfield code="b">Language of cataloging varies</marc:subfield><marc:subfield code="e">rda based</marc:subfield></marc:datafield><marc:datafield tag="100" ind1="1" ind2=" "><marc:subfield code="a">Peluso Lopes, Giovana,</marc:subfield><marc:subfield code="d">....-</marc:subfield><marc:subfield code="0">(viaf)</marc:subfield></marc:datafield><marc:datafield tag="245" ind1="1" ind2="0"><marc:subfield code="a">Enhancing decisions in the courtroom :</marc:subfield><marc:subfield code="b">exploring a duty to enhance judicial cognition /</marc:subfield><marc:subfield code="c">Giovana Peluso Lopes.</marc:subfield></marc:datafield><marc:datafield tag="260" ind1=" " ind2=" "><marc:subfield code="a">Brussel :</marc:subfield><marc:subfield code="b">Intersentia,</marc:subfield><marc:subfield code="c">2025.</marc:subfield></marc:datafield><marc:datafield tag="264" ind1=" " ind2="1"><marc:subfield code="a">Brussel :</marc:subfield><marc:subfield code="b">Intersentia,</marc:subfield><marc:subfield code="c">2025.</marc:subfield></marc:datafield><marc:datafield tag="300" ind1=" " ind2=" "><marc:subfield code="a">XXI, 401 p.: ill.</marc:subfield></marc:datafield><marc:datafield tag="490" ind1="0" ind2=" "><marc:subfield code="a">KU Leuven Centre for IT &amp; IP Law Series</marc:subfield><marc:subfield code="v">17</marc:subfield></marc:datafield><marc:datafield tag="520" ind1="3" ind2=" "><marc:subfield code="a">This book explores possible ethical justifications for a moral duty for judges to enhance their cognition and examines how this duty sits within the existing legal framework on judicial liability, professional duties, and human rights. The impetus behind this inquiry stems from the realization, substantiated by a wealth of empirical evidence, that judges are susceptible to various implicit biases, which can subtly shape their perceptions, judgments, and decision-making processes throughout various stages of legal proceedings. Despite posing a threat to the impartiality and accuracy of judicial decisions, implicit biases remain largely unaddressed within the judiciary. Existing substantive and procedural rules designed to prevent arbitrary, partial, or inaccurate legal decisions primarily focus on the explicit manifestations of biases, neglecting to adequately address the negative effects of biases that operate beneath the level of consciousness, and which are not subject to direct introspection. Considering the profound impact of judicial decision-making for litigants and society, this book investigates the possibility of enhancing judicial cognition by various methods and technologies, and proposes a normative framework for the cognitive enhancement of judges (source: Intersentia).</marc:subfield></marc:datafield><marc:datafield tag="830" ind1=" " ind2="0"><marc:subfield code="a">KU Leuven Centre for IT &amp; IP law series ;</marc:subfield><marc:subfield code="v">vol. 17</marc:subfield></marc:datafield><marc:datafield tag="920" ind1=" " ind2=" "><marc:subfield code="a">book</marc:subfield></marc:datafield><marc:datafield tag="SID" ind1=" " ind2=" "><marc:subfield code="a">Z39</marc:subfield><marc:subfield code="b">32KUL_LIBIS_NETWORK</marc:subfield></marc:datafield></marc:record>