<marc:record><marc:leader>02217cam a2200361 a 4500</marc:leader><marc:controlfield tag="005">20251001143517.0</marc:controlfield><marc:controlfield tag="008">850513s1985    gw a   |rb   |000 ||ger||</marc:controlfield><marc:controlfield tag="001">990036753220409161</marc:controlfield><marc:datafield tag="SID" ind1=" " ind2=" "><marc:subfield code="a">Z39</marc:subfield><marc:subfield code="b">LOC</marc:subfield></marc:datafield><marc:datafield tag="010" ind1=" " ind2=" "><marc:subfield code="a">85153986</marc:subfield></marc:datafield><marc:datafield tag="020" ind1=" " ind2=" "><marc:subfield code="a">3883393967</marc:subfield></marc:datafield><marc:datafield tag="020" ind1=" " ind2=" "><marc:subfield code="a">9783883393964</marc:subfield></marc:datafield><marc:datafield tag="035" ind1=" " ind2=" "><marc:subfield code="a">(RUG01)003675322</marc:subfield></marc:datafield><marc:datafield tag="035" ind1=" " ind2=" "><marc:subfield code="a">3338921</marc:subfield></marc:datafield><marc:datafield tag="035" ind1=" " ind2=" "><marc:subfield code="a">(DLC) 85153986</marc:subfield></marc:datafield><marc:datafield tag="040" ind1=" " ind2=" "><marc:subfield code="a">DLC</marc:subfield><marc:subfield code="c">DLC</marc:subfield><marc:subfield code="d">DLC</marc:subfield><marc:subfield code="d">OCoLC</marc:subfield><marc:subfield code="d">InU</marc:subfield><marc:subfield code="d">DLC</marc:subfield></marc:datafield><marc:datafield tag="043" ind1=" " ind2=" "><marc:subfield code="a">e-gx---</marc:subfield></marc:datafield><marc:datafield tag="050" ind1="0" ind2="0"><marc:subfield code="a">LA721.4</marc:subfield><marc:subfield code="b">.L87 1985</marc:subfield></marc:datafield><marc:datafield tag="082" ind1="0" ind2="0"><marc:subfield code="a">370/.943</marc:subfield><marc:subfield code="2">19</marc:subfield></marc:datafield><marc:datafield tag="245" ind1="0" ind2="0"><marc:subfield code="a">Luther in der Schule :</marc:subfield><marc:subfield code="b">Beiträge zur Erziehungs- und Schulgeschichte, Pädagogik und Theologie /</marc:subfield><marc:subfield code="c">herausgegeben von Klaus Goebel.</marc:subfield></marc:datafield><marc:datafield tag="260" ind1=" " ind2=" "><marc:subfield code="a">Bochum :</marc:subfield><marc:subfield code="b">Studienverlag N. Brockmeyer,</marc:subfield><marc:subfield code="c">1985.</marc:subfield></marc:datafield><marc:datafield tag="300" ind1=" " ind2=" "><marc:subfield code="a">V, 268 p. :</marc:subfield><marc:subfield code="b">ill. ;</marc:subfield><marc:subfield code="c">21 cm.</marc:subfield></marc:datafield><marc:datafield tag="490" ind1="0" ind2=" "><marc:subfield code="a">Dortmunder Arbeiten zur Schulgeschichte und zur historischen Didaktik</marc:subfield><marc:subfield code="v">6</marc:subfield></marc:datafield><marc:datafield tag="500" ind1=" " ind2=" "><marc:subfield code="a">Met ex libris van Hilde Symoens</marc:subfield><marc:subfield code="3">LWDEP.SCHENK.0837</marc:subfield></marc:datafield><marc:datafield tag="504" ind1=" " ind2=" "><marc:subfield code="a">Includes bibliographies.</marc:subfield></marc:datafield><marc:datafield tag="505" ind1="0" ind2=" "><marc:subfield code="a">Dass man Kinder zur Schule halten solle / Klaus Goebel -- Luther als Reformer der Schule / Klaus Goebel -- Martin Luther und die Geschichte der Erziehung / Erhard Wiersing -- Visitationen des Schulwesens im albertinischen Sachsen zwischen 1540 und 1580 / Günther Wartenberg -- Die Bildungsidee der sächsischen Fürstenschulen und ihre Erneuerung durch die Evangelische Landesschule zur Pforte in Meinerzhagen / Ulrich Michael Kremer -- Die Einrichtung des Gymnasiums in Dortmund 1543 / Gerhard E. Sollbach -- Kirchspiels- und Küsterschulen in der Reformationszeit / Hans Georg Kirchhoff -- August Hermann Francke, der erste &quot;Erzieher&quot; in Deutschland? / Peter Menck -- Ursachen des katholischen Bildungsdefizits in Deutschland seit Luthers Auftreten / Michael Klöcker -- Luther als Lehrer / Erich Schwerdtfeger -- Luther und seine Väter und die Erziehung zum Gehorsam / Manfred Wichelhaus.</marc:subfield></marc:datafield><marc:datafield tag="541" ind1=" " ind2=" "><marc:subfield code="a">De Ridder-Symoens, Hilde</marc:subfield><marc:subfield code="c">Schenking</marc:subfield><marc:subfield code="d">16/03/2023</marc:subfield><marc:subfield code="3">LWDEP.SCHENK.0837</marc:subfield></marc:datafield><marc:datafield tag="600" ind1="1" ind2="0"><marc:subfield code="a">Luther, Martin,</marc:subfield><marc:subfield code="d">1483-1546.</marc:subfield></marc:datafield><marc:datafield tag="650" ind1=" " ind2="0"><marc:subfield code="a">Church and education</marc:subfield><marc:subfield code="x">History</marc:subfield><marc:subfield code="y">16th century.</marc:subfield><marc:subfield code="z">Germany</marc:subfield></marc:datafield><marc:datafield tag="650" ind1=" " ind2="0"><marc:subfield code="a">Education</marc:subfield><marc:subfield code="x">History</marc:subfield><marc:subfield code="y">16th century.</marc:subfield><marc:subfield code="z">Germany</marc:subfield></marc:datafield><marc:datafield tag="650" ind1=" " ind2="0"><marc:subfield code="a">Education</marc:subfield><marc:subfield code="x">Philosophy.</marc:subfield></marc:datafield><marc:datafield tag="700" ind1="1" ind2=" "><marc:subfield code="a">Goebel, Klaus,</marc:subfield><marc:subfield code="d">1934-</marc:subfield><marc:subfield code="0">(viaf)69734580</marc:subfield></marc:datafield><marc:datafield tag="920" ind1=" " ind2=" "><marc:subfield code="a">book</marc:subfield></marc:datafield></marc:record>