<marc:record><marc:leader>01472cam a2200373 i 4500</marc:leader><marc:controlfield tag="005">20251020114528.0</marc:controlfield><marc:controlfield tag="008">150921s2014    fr abh |r    |100 ||fre||</marc:controlfield><marc:controlfield tag="001">990036753190409161</marc:controlfield><marc:datafield tag="SID" ind1=" " ind2=" "><marc:subfield code="a">Z39</marc:subfield><marc:subfield code="b">LOC</marc:subfield></marc:datafield><marc:datafield tag="010" ind1=" " ind2=" "><marc:subfield code="a">2015518888</marc:subfield></marc:datafield><marc:datafield tag="020" ind1=" " ind2=" "><marc:subfield code="a">9791091592093</marc:subfield><marc:subfield code="q">pbk.</marc:subfield></marc:datafield><marc:datafield tag="035" ind1=" " ind2=" "><marc:subfield code="a">(RUG01)003675319</marc:subfield></marc:datafield><marc:datafield tag="035" ind1=" " ind2=" "><marc:subfield code="a">18831004</marc:subfield></marc:datafield><marc:datafield tag="035" ind1=" " ind2=" "><marc:subfield code="a">(Fr-PaAMA)AAL0681108-0001</marc:subfield></marc:datafield><marc:datafield tag="040" ind1=" " ind2=" "><marc:subfield code="a">DLC</marc:subfield><marc:subfield code="b">eng</marc:subfield><marc:subfield code="c">DLC</marc:subfield><marc:subfield code="e">rda</marc:subfield></marc:datafield><marc:datafield tag="042" ind1=" " ind2=" "><marc:subfield code="a">pcc</marc:subfield></marc:datafield><marc:datafield tag="043" ind1=" " ind2=" "><marc:subfield code="a">e-fr---</marc:subfield></marc:datafield><marc:datafield tag="050" ind1="0" ind2="0"><marc:subfield code="a">LC116.F8</marc:subfield><marc:subfield code="b">P76 2014</marc:subfield></marc:datafield><marc:datafield tag="245" ind1="0" ind2="0"><marc:subfield code="a">Protestantisme et éducation dans la France moderne /</marc:subfield><marc:subfield code="c">textes réunis par Yves Krumenacker et Boris Noguès</marc:subfield></marc:datafield><marc:datafield tag="260" ind1=" " ind2=" "><marc:subfield code="a">Lyon :</marc:subfield><marc:subfield code="b">LARHRA,</marc:subfield><marc:subfield code="c">2014.</marc:subfield></marc:datafield><marc:datafield tag="300" ind1=" " ind2=" "><marc:subfield code="a">280 p. :</marc:subfield><marc:subfield code="b">ill., maps, facsimiles ;</marc:subfield><marc:subfield code="c">24 cm.</marc:subfield></marc:datafield><marc:datafield tag="490" ind1="0" ind2=" "><marc:subfield code="a">Chrétiens et sociétés. Documents et mémoires</marc:subfield><marc:subfield code="v">24</marc:subfield></marc:datafield><marc:datafield tag="500" ind1=" " ind2=" "><marc:subfield code="a">Actes du colloque de Lyon, 11-12 octobre 2013</marc:subfield></marc:datafield><marc:datafield tag="500" ind1=" " ind2=" "><marc:subfield code="3">LWBIB.L06.NT.01.H.0034</marc:subfield><marc:subfield code="a">Met ex libris van Hilde Symoens</marc:subfield></marc:datafield><marc:datafield tag="504" ind1=" " ind2=" "><marc:subfield code="a">Includes bibliographical references.</marc:subfield></marc:datafield><marc:datafield tag="541" ind1=" " ind2=" "><marc:subfield code="3">LWBIB.L06.NT.01.H.0034</marc:subfield><marc:subfield code="c">Schenking</marc:subfield><marc:subfield code="a">De Ridder-Symoens, Hilde</marc:subfield><marc:subfield code="d">16/03/2023</marc:subfield></marc:datafield><marc:datafield tag="650" ind1=" " ind2="0"><marc:subfield code="a">Church and education</marc:subfield><marc:subfield code="v">Congresses.</marc:subfield><marc:subfield code="z">France</marc:subfield></marc:datafield><marc:datafield tag="650" ind1=" " ind2="0"><marc:subfield code="a">Protestant churches</marc:subfield><marc:subfield code="v">Congresses.</marc:subfield><marc:subfield code="x">Education</marc:subfield><marc:subfield code="z">France</marc:subfield></marc:datafield><marc:datafield tag="655" ind1=" " ind2="7"><marc:subfield code="a">Conference papers and proceedings.</marc:subfield><marc:subfield code="2">lcgft</marc:subfield></marc:datafield><marc:datafield tag="700" ind1="1" ind2=" "><marc:subfield code="a">Krumenacker, Yves,</marc:subfield><marc:subfield code="d">1957-2024</marc:subfield><marc:subfield code="0">(viaf)85935143</marc:subfield><marc:subfield code="4">edt</marc:subfield></marc:datafield><marc:datafield tag="700" ind1="1" ind2=" "><marc:subfield code="a">Noguès, Boris,</marc:subfield><marc:subfield code="d">1971-</marc:subfield><marc:subfield code="0">(viaf)64311775</marc:subfield></marc:datafield><marc:datafield tag="710" ind1="2" ind2=" "><marc:subfield code="a">Équipe &quot;Religions, sociétés et acculturation.&quot;</marc:subfield></marc:datafield><marc:datafield tag="710" ind1="2" ind2=" "><marc:subfield code="a">Laboratoire de recherche historique Rhône-Alpes.</marc:subfield></marc:datafield><marc:datafield tag="920" ind1=" " ind2=" "><marc:subfield code="a">book</marc:subfield></marc:datafield></marc:record>