<marc:record><marc:leader>01035nam a2200241 a 4500</marc:leader><marc:controlfield tag="005">20250917111822.0</marc:controlfield><marc:controlfield tag="008">250730|2024||||be |||||rm||||||| ||eng|d</marc:controlfield><marc:controlfield tag="001">990036753170409161</marc:controlfield><marc:datafield tag="020" ind1=" " ind2=" "><marc:subfield code="a">9789463558280</marc:subfield></marc:datafield><marc:datafield tag="035" ind1=" " ind2=" "><marc:subfield code="a">(RUG01)003675317</marc:subfield></marc:datafield><marc:datafield tag="040" ind1=" " ind2=" "><marc:subfield code="a">BE-GnUNI</marc:subfield></marc:datafield><marc:datafield tag="041" ind1=" " ind2=" "><marc:subfield code="a">eng</marc:subfield><marc:subfield code="b">eng</marc:subfield><marc:subfield code="b">dut</marc:subfield></marc:datafield><marc:datafield tag="100" ind1="1" ind2=" "><marc:subfield code="a">Vander Mijnsbrugge, David,</marc:subfield><marc:subfield code="d">1995-</marc:subfield><marc:subfield code="0">(ugent)01305343</marc:subfield><marc:subfield code="0">(viaf)</marc:subfield></marc:datafield><marc:datafield tag="245" ind1="1" ind2="0"><marc:subfield code="a">Context aware deep learning for predictive healthcare /</marc:subfield><marc:subfield code="c">David Vander Mijnsbrugge.</marc:subfield></marc:datafield><marc:datafield tag="260" ind1=" " ind2=" "><marc:subfield code="a">Ghent :</marc:subfield><marc:subfield code="b">Ghent University,</marc:subfield><marc:subfield code="c">2024.</marc:subfield></marc:datafield><marc:datafield tag="300" ind1=" " ind2=" "><marc:subfield code="a">VIII, 206 p. : ill.</marc:subfield></marc:datafield><marc:datafield tag="502" ind1=" " ind2=" "><marc:subfield code="a">Doctoral dissertation submitted to obtain the adademic degree of Doctor of Computer Science Engineering</marc:subfield></marc:datafield><marc:datafield tag="518" ind1=" " ind2=" "><marc:subfield code="o">Verdediging</marc:subfield><marc:subfield code="d">2024-05-03</marc:subfield><marc:subfield code="p">Gent</marc:subfield></marc:datafield><marc:datafield tag="700" ind1="1" ind2=" "><marc:subfield code="a">Van Hoecke, Sofie,</marc:subfield><marc:subfield code="d">1979-</marc:subfield><marc:subfield code="0">(ugent)801001741310</marc:subfield><marc:subfield code="0">(viaf)0</marc:subfield><marc:subfield code="e">promotor</marc:subfield></marc:datafield><marc:datafield tag="700" ind1="1" ind2=" "><marc:subfield code="a">Ongenae, Femke,</marc:subfield><marc:subfield code="d">1985-</marc:subfield><marc:subfield code="0">(ugent)802000192218</marc:subfield><marc:subfield code="0">(viaf)25164778764208342013</marc:subfield><marc:subfield code="e">copromotor</marc:subfield></marc:datafield><marc:datafield tag="710" ind1="2" ind2=" "><marc:subfield code="a">Ghent University</marc:subfield><marc:subfield code="b">Faculty of Engineering and Architecture</marc:subfield><marc:subfield code="b">Department of Electronics and Information Systems</marc:subfield></marc:datafield><marc:datafield tag="920" ind1=" " ind2=" "><marc:subfield code="a">phd</marc:subfield></marc:datafield><marc:datafield tag="922" ind1=" " ind2=" "><marc:subfield code="a">UGENT-EA</marc:subfield></marc:datafield></marc:record>