<marc:record><marc:leader>03533nam a2200277 u 4500</marc:leader><marc:controlfield tag="005">20250918232112.0</marc:controlfield><marc:controlfield tag="008">250602s2025    be |||||r|||||0|| ||fre|d</marc:controlfield><marc:controlfield tag="001">990036753150409161</marc:controlfield><marc:datafield tag="020" ind1=" " ind2=" "><marc:subfield code="a">9782807943148</marc:subfield></marc:datafield><marc:datafield tag="035" ind1=" " ind2=" "><marc:subfield code="a">(RUG01)003675315</marc:subfield></marc:datafield><marc:datafield tag="035" ind1=" " ind2=" "><marc:subfield code="a">(BeLVLBS)9994476457701471</marc:subfield></marc:datafield><marc:datafield tag="040" ind1=" " ind2=" "><marc:subfield code="a">BeLVLBS</marc:subfield><marc:subfield code="b">Language of cataloging varies</marc:subfield><marc:subfield code="e">rda based</marc:subfield></marc:datafield><marc:datafield tag="100" ind1="1" ind2=" "><marc:subfield code="a">Clesse, Charles-Eric,</marc:subfield><marc:subfield code="d">....-</marc:subfield><marc:subfield code="0">(viaf)42174037</marc:subfield></marc:datafield><marc:datafield tag="245" ind1="1" ind2="0"><marc:subfield code="a">Travailleurs détachés et mis à disposition :</marc:subfield><marc:subfield code="b">droits belge, européen et international /</marc:subfield><marc:subfield code="c">Charles-Éric Clesse, Marc Morsa.</marc:subfield></marc:datafield><marc:datafield tag="250" ind1=" " ind2=" "><marc:subfield code="a">4e édition</marc:subfield></marc:datafield><marc:datafield tag="260" ind1=" " ind2=" "><marc:subfield code="a">Bruxelles :</marc:subfield><marc:subfield code="b">Larcier Intersentia,</marc:subfield><marc:subfield code="c">2025.</marc:subfield></marc:datafield><marc:datafield tag="264" ind1=" " ind2="1"><marc:subfield code="a">Bruxelles :</marc:subfield><marc:subfield code="b">Larcier Intersentia,</marc:subfield><marc:subfield code="c">2025.</marc:subfield></marc:datafield><marc:datafield tag="300" ind1=" " ind2=" "><marc:subfield code="a">668 p.</marc:subfield></marc:datafield><marc:datafield tag="490" ind1="0" ind2=" "><marc:subfield code="a">Droit social</marc:subfield></marc:datafield><marc:datafield tag="520" ind1="3" ind2=" "><marc:subfield code="a">(source : Larcier Intersentia)</marc:subfield></marc:datafield><marc:datafield tag="520" ind1="3" ind2=" "><marc:subfield code="a">D’une part, la directive 96/71/CE édicte les règles d’ordre public qu’il convient de respecter pour le détachement d’un travailleur pour les aspects liés aux conditions de travail et d’emploi. Cette directive a été complétée par la directive 2014/67/UE visant à une meilleure exécution de la directive 96/71/CE et révisée par la directive 2018/957/UE en vue d’assurer l’égalité salariale entre travailleurs détachés et travailleurs locaux et de fixer une durée maximale au détachement. D’autre part, les règlements (CE) nos 883/2004 et 987/2009 définissent les conditions sous lesquelles une situation de détachement est acquise pour les aspects liés à la sécurité sociale.</marc:subfield></marc:datafield><marc:datafield tag="520" ind1="3" ind2=" "><marc:subfield code="a">La mondialisation, l’internationalisation du marché du travail et l’aide apportée aux travailleurs peu qualifiés par les différents pouvoirs de l’État sont des facteurs amplificateurs du phénomène de détachement et de mise à disposition de travailleurs auprès d’utilisateurs. Le présent ouvrage analyse cette situation juridique à trois niveaux : national, européen et international. L’état du droit belge est caractérisé par une interdiction de principe de la mise de travailleurs à disposition d’utilisateurs. Mais, pas moins de douze régimes dérogatoires, parfois peu connus, permettent d’échapper à cet interdit. Au niveau européen, deux instruments de droit dérivé règlent le régime juridique des travailleurs détachés en droit du travail et en droit de la sécurité sociale.</marc:subfield></marc:datafield><marc:datafield tag="520" ind1="3" ind2=" "><marc:subfield code="a">Une nouvelle agence (l&apos;Autorité Européenne du Travail) a été instituée afin de soutenir les Etats membres pour une application correcte du cadre légal européen lié à la mobilité des travailleurs (salariés et non salariés).Enfin, au niveau international, la Belgique a conclu plusieurs conventions bilatérales relatives à la sécurité sociale. Accords dont les champs d’application ratione personae et temporis changent d’un acte à l’autre. Quels sont les principes de ces différentes règles de droit ? Quelles sont leurs implications en droit du travail, en droit de la sécurité sociale et en droit fiscal ? Quelles sont les sanctions, civiles, administratives ou pénales édictées par chacune ? Quelles sont les démarches à effectuer pour se conformer à ces réglementations ? Autant de questions que se pose le praticien de cette matière et que le présent ouvrage aborde. La date de mise à jour des textes est arrêtée au 1er avril 2025.</marc:subfield></marc:datafield><marc:datafield tag="700" ind1="1" ind2=" "><marc:subfield code="a">Morsa, Marc,</marc:subfield><marc:subfield code="d">....-</marc:subfield><marc:subfield code="0">(viaf)52023041</marc:subfield></marc:datafield><marc:datafield tag="920" ind1=" " ind2=" "><marc:subfield code="a">book</marc:subfield></marc:datafield><marc:datafield tag="SID" ind1=" " ind2=" "><marc:subfield code="a">Z39</marc:subfield><marc:subfield code="b">32KUL_LIBIS_NETWORK</marc:subfield></marc:datafield></marc:record>