<marc:record><marc:leader>05429cam a2200433 i 4500</marc:leader><marc:controlfield tag="005">20250918232118.0</marc:controlfield><marc:controlfield tag="008">210419s2021    gw     |rb   |001 ||eng|d</marc:controlfield><marc:controlfield tag="001">990036753050409161</marc:controlfield><marc:datafield tag="010" ind1=" " ind2=" "><marc:subfield code="a">2021937476</marc:subfield></marc:datafield><marc:datafield tag="020" ind1=" " ind2=" "><marc:subfield code="a">9783110626582</marc:subfield><marc:subfield code="q">(hardcover)</marc:subfield></marc:datafield><marc:datafield tag="020" ind1=" " ind2=" "><marc:subfield code="a">3110626586</marc:subfield><marc:subfield code="q">(hardcover)</marc:subfield></marc:datafield><marc:datafield tag="020" ind1=" " ind2=" "><marc:subfield code="z">9783110645958</marc:subfield><marc:subfield code="q">(electronic book)</marc:subfield></marc:datafield><marc:datafield tag="020" ind1=" " ind2=" "><marc:subfield code="z">9783110644784</marc:subfield><marc:subfield code="q">(electronic publication)</marc:subfield></marc:datafield><marc:datafield tag="035" ind1=" " ind2=" "><marc:subfield code="a">(RUG01)003675305</marc:subfield></marc:datafield><marc:datafield tag="035" ind1=" " ind2=" "><marc:subfield code="a">22000231</marc:subfield></marc:datafield><marc:datafield tag="035" ind1=" " ind2=" "><marc:subfield code="a">(OCoLC)1285606690</marc:subfield></marc:datafield><marc:datafield tag="040" ind1=" " ind2=" "><marc:subfield code="a">CCX</marc:subfield><marc:subfield code="b">eng</marc:subfield><marc:subfield code="c">CCX</marc:subfield><marc:subfield code="d">CCX</marc:subfield><marc:subfield code="d">YDX</marc:subfield><marc:subfield code="d">OHX</marc:subfield><marc:subfield code="d">OCLCO</marc:subfield><marc:subfield code="d">LML</marc:subfield><marc:subfield code="d">UCW</marc:subfield><marc:subfield code="d">OCL</marc:subfield><marc:subfield code="d">OCLCO</marc:subfield><marc:subfield code="d">DLC</marc:subfield><marc:subfield code="e">rda</marc:subfield></marc:datafield><marc:datafield tag="042" ind1=" " ind2=" "><marc:subfield code="a">lccopycat</marc:subfield></marc:datafield><marc:datafield tag="050" ind1="0" ind2="0"><marc:subfield code="a">PN59</marc:subfield><marc:subfield code="b">.H33 2021</marc:subfield></marc:datafield><marc:datafield tag="245" ind1="0" ind2="0"><marc:subfield code="a">Handbook of empirical literary studies /</marc:subfield><marc:subfield code="c">edited by Don Kuiken and Arthur M. Jacobs.</marc:subfield></marc:datafield><marc:datafield tag="264" ind1=" " ind2="1"><marc:subfield code="a">Berlin ;</marc:subfield><marc:subfield code="a">Boston :</marc:subfield><marc:subfield code="b">De Gruyter,</marc:subfield><marc:subfield code="c">[2021].</marc:subfield></marc:datafield><marc:datafield tag="300" ind1=" " ind2=" "><marc:subfield code="a">Vii, 581 p. ;</marc:subfield><marc:subfield code="c">24 cm.</marc:subfield></marc:datafield><marc:datafield tag="490" ind1="0" ind2=" "><marc:subfield code="a">De Gruyter reference</marc:subfield></marc:datafield><marc:datafield tag="504" ind1=" " ind2=" "><marc:subfield code="a">Includes bibliographical references and indexes.</marc:subfield><marc:subfield code="r">/ Mary Beth Oliver, Ryan RuiYang Tan, Olivia S. Reed</marc:subfield><marc:subfield code="t">-- Audience reception of tragic entertainment and the value of cathartic reflection</marc:subfield><marc:subfield code="r">/ Guan Soon Khoo</marc:subfield><marc:subfield code="g">Section V :</marc:subfield><marc:subfield code="t">Enhanced Social Well-Being</marc:subfield><marc:subfield code="t">-- Literary reading and mental wellbeing</marc:subfield><marc:subfield code="r">/ Josie Billington, Mette Steenberg</marc:subfield><marc:subfield code="t">-- Poetic writing research : the history, methods, and outcomes of poetic (auto) ethnography</marc:subfield><marc:subfield code="r">/ David Hanauer</marc:subfield><marc:subfield code="g">Section VI :</marc:subfield><marc:subfield code="t">History, Theory, and Empirical Methods</marc:subfield><marc:subfield code="t">-- Computational stylistics</marc:subfield><marc:subfield code="r">/ J. Berenike Herrmann, Arthur M. Jacobs, Andrew Piper</marc:subfield><marc:subfield code="t">-- Philosophy of science, methodology, and theory development in empirical studies of literary experience</marc:subfield><marc:subfield code="r">/ Mark J. Bruhn</marc:subfield><marc:subfield code="t">-- The history of the empirical study of literature from the nineteenth to the twenty-first century</marc:subfield><marc:subfield code="r">/ Massimo Salgaro.</marc:subfield><marc:subfield code="t">-- The psychological and social effects of literariness : formal features and paratextual information</marc:subfield><marc:subfield code="r">/ Markus Appel, David Hanauer, Hans Hoeken, Kobie van Krieken, Tobias Richter, José Sanders</marc:subfield><marc:subfield code="g">Section III :</marc:subfield><marc:subfield code="t">Social Effects of Literary Reading</marc:subfield><marc:subfield code="t">-- Children&apos;s reading for pleasure with digital books</marc:subfield><marc:subfield code="r">/ Natalia Kucirkova, Bettina Kümmerling-Meibauer</marc:subfield><marc:subfield code="t">-- Stories and their role in social cognition</marc:subfield><marc:subfield code="r">/ Jessica E. Black, Jennifer L. Barnes, Keith Oatley, Diana I. Tamir, David Dodell-Feder, Tobias Richter, Raymond A. Mar</marc:subfield><marc:subfield code="t">-- Character engagement and identification</marc:subfield><marc:subfield code="r">/ Rebecca (Riva) Tukachinsky Forster</marc:subfield><marc:subfield code="g">Section IV :</marc:subfield><marc:subfield code="t">Narrative Engagement and Experiential Depth</marc:subfield><marc:subfield code="t">-- Narrative absorption : an overview</marc:subfield><marc:subfield code="r">/ Moniek M. Kuijpers, Shawn Douglas, Katalin Bálint</marc:subfield><marc:subfield code="t">-- Openness, reflective engagement, and self-altering literary reading</marc:subfield><marc:subfield code="r">/ Don Kuiken, Paul Sopčák</marc:subfield><marc:subfield code="t">-- Meaningful responses to narrative digital media : research from a media psychology perspective</marc:subfield></marc:datafield><marc:datafield tag="505" ind1="0" ind2="0"><marc:subfield code="g">Introduction :</marc:subfield><marc:subfield code="t">reflections and prognoses</marc:subfield><marc:subfield code="r">/ Don Kuiken and Arthur M. Jacobs</marc:subfield><marc:subfield code="g">Section I :</marc:subfield><marc:subfield code="t">Modes of Textual Representation</marc:subfield><marc:subfield code="t">-- Sound shape and sound effects of literary texts</marc:subfield><marc:subfield code="r">/ Stefan Blohm, Maria Kraxenberger, Christine A. Knoop, Mathias Scharinger</marc:subfield><marc:subfield code="t">-- Contextual meaning-making in reading : the role of affect</marc:subfield><marc:subfield code="r">/ Jana Lüdtke, Johanna K. Kaakinen, Arthur M. Jacobs</marc:subfield><marc:subfield code="t">-- Mental simulation during literary reading</marc:subfield><marc:subfield code="r">/ Marloes Mak, Roel M. Willems</marc:subfield><marc:subfield code="t">-- Constructing mental models in literary reading : the role of interpretive inferences</marc:subfield><marc:subfield code="r">/ Kathryn S. McCarthy, Joseph P. Magliano, Sarah R. Levine, Andrew Elfenbein, William S. Horton</marc:subfield><marc:subfield code="g">Section II :</marc:subfield><marc:subfield code="t">The Form and Function of Literariness</marc:subfield><marc:subfield code="t">-- Empirical Studies of Poetic Metaphor</marc:subfield><marc:subfield code="r">/ Joseph Glicksohn, Chanita Goodblatt</marc:subfield><marc:subfield code="t">-- Foregrounding</marc:subfield><marc:subfield code="r">/ Willie van Peer, Paul Sopčák, Davide Castiglione, Olivia Fialho, Arthur M. Jacobs, Frank Hakemulder</marc:subfield></marc:datafield><marc:datafield tag="520" ind1=" " ind2=" "><marc:subfield code="a">&quot;This handbook reviews efforts to increase the use of empirical methods in studies of the aesthetic and social effects of literary reading. The reviewed research is expansive, including extension of familiar theoretical models to novel domains (e.g., educational settings); enlarging empirical efforts within under-represented research areas (e.g., child development); and broadening the range of applicable quantitative and qualitative methods (e.g., computational stylistics; phenomenological methods). Especially challenging is articulation of the subtle aesthetic and social effects of literary artefacts (e.g., poetry, film). Increasingly, the complexity of these effects is addressed in multi-variate studies, including confirmatory factor analysis and structural equation modeling. While each chapter touches upon the historical background of a specific research topic, two chapters address the area&apos;s historical background and guiding philosophical assumptions. Taken together, the material in this volume provides a systematic introduction to the area for early career professionals, while challenging active researchers to develop theoretical frameworks and empirical procedures that match the complexity of their research objectives.&quot; -- Publisher description.</marc:subfield></marc:datafield><marc:datafield tag="541" ind1=" " ind2=" "><marc:subfield code="3">LWBIB.L30.LA.1010</marc:subfield><marc:subfield code="c">Schenking</marc:subfield><marc:subfield code="a">Bernaerts, Lars</marc:subfield><marc:subfield code="d">29/07/2025</marc:subfield></marc:datafield><marc:datafield tag="650" ind1=" " ind2="0"><marc:subfield code="a">Literature</marc:subfield><marc:subfield code="x">History and criticism.</marc:subfield></marc:datafield><marc:datafield tag="650" ind1=" " ind2="0"><marc:subfield code="a">Literature</marc:subfield><marc:subfield code="x">Study and teaching.</marc:subfield></marc:datafield><marc:datafield tag="650" ind1=" " ind2="7"><marc:subfield code="a">Literature</marc:subfield><marc:subfield code="x">Study and teaching.</marc:subfield><marc:subfield code="2">fast</marc:subfield></marc:datafield><marc:datafield tag="650" ind1=" " ind2="7"><marc:subfield code="a">Literature.</marc:subfield><marc:subfield code="2">fast</marc:subfield></marc:datafield><marc:datafield tag="655" ind1=" " ind2="7"><marc:subfield code="a">Criticism, interpretation, etc.</marc:subfield><marc:subfield code="2">fast</marc:subfield><marc:subfield code="0">(OCoLC)fst01411635</marc:subfield></marc:datafield><marc:datafield tag="655" ind1=" " ind2="7"><marc:subfield code="a">Literary criticism.</marc:subfield><marc:subfield code="2">fast</marc:subfield></marc:datafield><marc:datafield tag="655" ind1=" " ind2="7"><marc:subfield code="a">Literary criticism.</marc:subfield><marc:subfield code="2">lcgft</marc:subfield></marc:datafield><marc:datafield tag="700" ind1="1" ind2=" "><marc:subfield code="a">Kuiken, Don,</marc:subfield><marc:subfield code="d">....-</marc:subfield><marc:subfield code="0">(viaf)</marc:subfield><marc:subfield code="4">edt</marc:subfield></marc:datafield><marc:datafield tag="700" ind1="1" ind2=" "><marc:subfield code="a">Jacobs, Arthur M.,</marc:subfield><marc:subfield code="d">....-</marc:subfield><marc:subfield code="0">(viaf)</marc:subfield><marc:subfield code="4">edt</marc:subfield></marc:datafield><marc:datafield tag="830" ind1=" " ind2="0"><marc:subfield code="a">De Gruyter reference.</marc:subfield></marc:datafield><marc:datafield tag="920" ind1=" " ind2=" "><marc:subfield code="a">book</marc:subfield></marc:datafield><marc:datafield tag="SID" ind1=" " ind2=" "><marc:subfield code="a">Z39</marc:subfield><marc:subfield code="b">LOC</marc:subfield></marc:datafield></marc:record>