<marc:record><marc:leader>01093cam a2200277 i 4500</marc:leader><marc:controlfield tag="005">20251007101051.0</marc:controlfield><marc:controlfield tag="008">241031s2024    fr a   |rbq  |101 ||fre|d</marc:controlfield><marc:controlfield tag="001">990036753040409161</marc:controlfield><marc:datafield tag="SID" ind1=" " ind2=" "><marc:subfield code="a">Z39</marc:subfield><marc:subfield code="b">LOC</marc:subfield></marc:datafield><marc:datafield tag="010" ind1=" " ind2=" "><marc:subfield code="a">2024384389</marc:subfield></marc:datafield><marc:datafield tag="020" ind1=" " ind2=" "><marc:subfield code="a">9782406174219</marc:subfield><marc:subfield code="q">pbk</marc:subfield></marc:datafield><marc:datafield tag="035" ind1=" " ind2=" "><marc:subfield code="a">(RUG01)003675304</marc:subfield></marc:datafield><marc:datafield tag="035" ind1=" " ind2=" "><marc:subfield code="a">24135362</marc:subfield></marc:datafield><marc:datafield tag="035" ind1=" " ind2=" "><marc:subfield code="a">(Fr-PaAMA)AAL08421430-0001</marc:subfield></marc:datafield><marc:datafield tag="040" ind1=" " ind2=" "><marc:subfield code="a">Fr-PaAMA</marc:subfield><marc:subfield code="b">eng</marc:subfield><marc:subfield code="c">Fr-PaAMA</marc:subfield><marc:subfield code="d">DLC</marc:subfield><marc:subfield code="e">rda</marc:subfield></marc:datafield><marc:datafield tag="042" ind1=" " ind2=" "><marc:subfield code="a">lccopycat</marc:subfield></marc:datafield><marc:datafield tag="050" ind1="0" ind2="0"><marc:subfield code="a">PA6217</marc:subfield><marc:subfield code="b">.M48 2024</marc:subfield></marc:datafield><marc:datafield tag="245" ind1="0" ind2="4"><marc:subfield code="a">Les Métamorphoses d&apos;Apulée à travers les lieux et les âges :</marc:subfield><marc:subfield code="b">réceptions, réécritures, héritages /</marc:subfield><marc:subfield code="c">sous la direction de Joseph Dalbera.</marc:subfield></marc:datafield><marc:datafield tag="260" ind1=" " ind2=" "><marc:subfield code="a">Paris :</marc:subfield><marc:subfield code="b">Classiques Garnier,</marc:subfield><marc:subfield code="c">2024.</marc:subfield></marc:datafield><marc:datafield tag="300" ind1=" " ind2=" "><marc:subfield code="a">314 p.: ill.</marc:subfield></marc:datafield><marc:datafield tag="490" ind1="0" ind2=" "><marc:subfield code="a">Rencontres ;</marc:subfield><marc:subfield code="x">2103-5636</marc:subfield><marc:subfield code="v">644</marc:subfield></marc:datafield><marc:datafield tag="490" ind1="0" ind2=" "><marc:subfield code="a">Littérature générale et comparée ;</marc:subfield><marc:subfield code="v">41</marc:subfield></marc:datafield><marc:datafield tag="500" ind1=" " ind2=" "><marc:subfield code="a">Proceedings of the colloquium held at Università di Corsica Pasquale Paoli, Corte, France, March 27-28, 2023.</marc:subfield></marc:datafield><marc:datafield tag="504" ind1=" " ind2=" "><marc:subfield code="a">Includes bibliographical references (pages 265-284), filmography (page 307) and indexes.</marc:subfield></marc:datafield><marc:datafield tag="700" ind1="1" ind2=" "><marc:subfield code="a">Dalbera, Joseph,</marc:subfield><marc:subfield code="d">1975-</marc:subfield><marc:subfield code="0">(viaf)265941220</marc:subfield></marc:datafield><marc:datafield tag="920" ind1=" " ind2=" "><marc:subfield code="a">book</marc:subfield></marc:datafield></marc:record>