<marc:record><marc:leader>00711nam a2200193 a 4500</marc:leader><marc:controlfield tag="005">20250918232116.0</marc:controlfield><marc:controlfield tag="008">250729|2025||||xx |||||r|||||||| ||dut|d</marc:controlfield><marc:controlfield tag="001">990036753030409161</marc:controlfield><marc:datafield tag="020" ind1=" " ind2=" "><marc:subfield code="a">9789464662832</marc:subfield></marc:datafield><marc:datafield tag="035" ind1=" " ind2=" "><marc:subfield code="a">(RUG01)003675303</marc:subfield></marc:datafield><marc:datafield tag="040" ind1=" " ind2=" "><marc:subfield code="a">BE-GnUNI</marc:subfield></marc:datafield><marc:datafield tag="100" ind1="1" ind2=" "><marc:subfield code="a">De Corte, Rogier,</marc:subfield><marc:subfield code="d">1942-</marc:subfield><marc:subfield code="0">(ugent)801000146668</marc:subfield><marc:subfield code="0">(viaf)77770191</marc:subfield></marc:datafield><marc:datafield tag="245" ind1="1" ind2="0"><marc:subfield code="a">Privaatrecht in hoofdlijnen :</marc:subfield><marc:subfield code="b">overzicht van het privaatrecht /</marc:subfield><marc:subfield code="c">Rogier de Corte, Bertel De Groote, Diederik Bruloot.</marc:subfield></marc:datafield><marc:datafield tag="250" ind1=" " ind2=" "><marc:subfield code="a">16e</marc:subfield></marc:datafield><marc:datafield tag="260" ind1=" " ind2=" "><marc:subfield code="a">Heverlee :</marc:subfield><marc:subfield code="b">LeA Uitgevers,</marc:subfield><marc:subfield code="c">2025.</marc:subfield></marc:datafield><marc:datafield tag="300" ind1=" " ind2=" "><marc:subfield code="a">2 v.</marc:subfield></marc:datafield><marc:datafield tag="700" ind1="1" ind2=" "><marc:subfield code="a">De Groote, Bertel,</marc:subfield><marc:subfield code="d">1971-</marc:subfield><marc:subfield code="0">(ugent)801001277932</marc:subfield><marc:subfield code="0">(viaf)280224135</marc:subfield></marc:datafield><marc:datafield tag="700" ind1="1" ind2=" "><marc:subfield code="a">Bruloot, Diederik,</marc:subfield><marc:subfield code="d">1982-</marc:subfield><marc:subfield code="0">(ugent)801002052114</marc:subfield><marc:subfield code="0">(viaf)292154890</marc:subfield></marc:datafield><marc:datafield tag="920" ind1=" " ind2=" "><marc:subfield code="a">book</marc:subfield></marc:datafield></marc:record>