<marc:record><marc:leader>00941njm a2200253 a 4500</marc:leader><marc:controlfield tag="005">20250918114925.0</marc:controlfield><marc:controlfield tag="008">250708nuuuuuuuuxx |||||#|||||||| | eng|d</marc:controlfield><marc:controlfield tag="001">990036753010409161</marc:controlfield><marc:datafield tag="028" ind1="1" ind2="0"><marc:subfield code="a">43-883 / A 56823</marc:subfield><marc:subfield code="b">His master&apos;s voice</marc:subfield></marc:datafield><marc:datafield tag="028" ind1="1" ind2="0"><marc:subfield code="a">42-887 / A 56822</marc:subfield><marc:subfield code="b">His master&apos;s voice</marc:subfield></marc:datafield><marc:datafield tag="028" ind1="2" ind2="0"><marc:subfield code="a">D.1860</marc:subfield><marc:subfield code="b">His master&apos;s voice</marc:subfield></marc:datafield><marc:datafield tag="035" ind1=" " ind2=" "><marc:subfield code="a">(RUG01)003675301</marc:subfield></marc:datafield><marc:datafield tag="040" ind1=" " ind2=" "><marc:subfield code="a">BE-GnUNI</marc:subfield></marc:datafield><marc:datafield tag="100" ind1="1" ind2=" "><marc:subfield code="a">Satie, Erik,</marc:subfield><marc:subfield code="d">1866-1925</marc:subfield><marc:subfield code="0">(viaf)88805508</marc:subfield><marc:subfield code="4">cmp</marc:subfield></marc:datafield><marc:datafield tag="245" ind1="1" ind2="0"><marc:subfield code="a">Gymnopedie, no. 1. Bolero /</marc:subfield><marc:subfield code="c">Boston symphony orchestra; cond. by Serge Koussevitsky.</marc:subfield></marc:datafield><marc:datafield tag="260" ind1=" " ind2=" "><marc:subfield code="a">S.l. :</marc:subfield><marc:subfield code="b">His master&apos;s voice,</marc:subfield><marc:subfield code="c">n.d.</marc:subfield></marc:datafield><marc:datafield tag="300" ind1=" " ind2=" "><marc:subfield code="a">1 grammofoonplaat :</marc:subfield><marc:subfield code="b">78 rpm ;</marc:subfield><marc:subfield code="c">30 cm.</marc:subfield></marc:datafield><marc:datafield tag="505" ind1="0" ind2=" "><marc:subfield code="a">1. Gymnopedie, no. 1 / Satie, arr. Debussy</marc:subfield></marc:datafield><marc:datafield tag="505" ind1="0" ind2=" "><marc:subfield code="a">3. Bolero / Ravel</marc:subfield></marc:datafield><marc:datafield tag="700" ind1="1" ind2=" "><marc:subfield code="a">Ravel, Maurice,</marc:subfield><marc:subfield code="d">1875-1937</marc:subfield><marc:subfield code="0">(viaf)2657495</marc:subfield><marc:subfield code="4">cmp</marc:subfield></marc:datafield><marc:datafield tag="700" ind1="1" ind2=" "><marc:subfield code="a">Koussevitzky, Serge,</marc:subfield><marc:subfield code="d">1874-1951</marc:subfield><marc:subfield code="0">(viaf)27252250</marc:subfield><marc:subfield code="4">cnd</marc:subfield></marc:datafield><marc:datafield tag="710" ind1="2" ind2=" "><marc:subfield code="a">Boston Symphony Orchestra</marc:subfield><marc:subfield code="4">prf</marc:subfield></marc:datafield><marc:datafield tag="710" ind1="2" ind2=" "><marc:subfield code="a">The Gramophone Co.</marc:subfield></marc:datafield><marc:datafield tag="920" ind1=" " ind2=" "><marc:subfield code="a">audio</marc:subfield></marc:datafield></marc:record>