<marc:record><marc:leader>02497nam a2200325 c 4500</marc:leader><marc:controlfield tag="005">20251006163956.0</marc:controlfield><marc:controlfield tag="008">250522s2025    stk|||||r    |00| ||eng|c</marc:controlfield><marc:controlfield tag="001">990036752970409161</marc:controlfield><marc:datafield tag="SID" ind1=" " ind2=" "><marc:subfield code="a">Z39</marc:subfield><marc:subfield code="b">K10PLUS</marc:subfield></marc:datafield><marc:datafield tag="020" ind1=" " ind2=" "><marc:subfield code="a">9781836243342</marc:subfield></marc:datafield><marc:datafield tag="035" ind1=" " ind2=" "><marc:subfield code="a">(RUG01)003675297</marc:subfield></marc:datafield><marc:datafield tag="035" ind1=" " ind2=" "><marc:subfield code="a">(DE-627)1926330935</marc:subfield></marc:datafield><marc:datafield tag="035" ind1=" " ind2=" "><marc:subfield code="a">(DE-599)KXP1926330935</marc:subfield></marc:datafield><marc:datafield tag="035" ind1=" " ind2=" "><marc:subfield code="a">(OCoLC)1520465475</marc:subfield></marc:datafield><marc:datafield tag="040" ind1=" " ind2=" "><marc:subfield code="a">DE-627</marc:subfield><marc:subfield code="b">ger</marc:subfield><marc:subfield code="c">DE-627</marc:subfield><marc:subfield code="e">rda</marc:subfield></marc:datafield><marc:datafield tag="041" ind1=" " ind2=" "><marc:subfield code="a">eng</marc:subfield><marc:subfield code="h">grc</marc:subfield></marc:datafield><marc:datafield tag="050" ind1=" " ind2="4"><marc:subfield code="a">BR1720.P735</marc:subfield><marc:subfield code="b">M37 2025</marc:subfield></marc:datafield><marc:datafield tag="100" ind1="1" ind2=" "><marc:subfield code="a">Marcus</marc:subfield><marc:subfield code="c">Diaconus,</marc:subfield><marc:subfield code="d">?-448?</marc:subfield><marc:subfield code="0">(viaf)4506151778219718130007</marc:subfield></marc:datafield><marc:datafield tag="245" ind1="1" ind2="0"><marc:subfield code="a">Life of Porphyry of Gaza /</marc:subfield><marc:subfield code="c">Mark the Deacon; translated with introduction and notes by Jeff Childers, Claudia Rapp, and Micheal Whitby.</marc:subfield></marc:datafield><marc:datafield tag="260" ind1=" " ind2=" "><marc:subfield code="a">Liverpool :</marc:subfield><marc:subfield code="b">Liverpool University Press,</marc:subfield><marc:subfield code="c">2025.</marc:subfield></marc:datafield><marc:datafield tag="300" ind1=" " ind2=" "><marc:subfield code="a">XV, 259 p.: ill.</marc:subfield></marc:datafield><marc:datafield tag="490" ind1="0" ind2=" "><marc:subfield code="a">Translated texts for historians ;</marc:subfield><marc:subfield code="v">89</marc:subfield></marc:datafield><marc:datafield tag="500" ind1=" " ind2=" "><marc:subfield code="a">Literaturverzeichnis: Seite 235-252</marc:subfield></marc:datafield><marc:datafield tag="520" ind1=" " ind2=" "><marc:subfield code="a">&quot;In late antiquity Gaza was an exceptionally prosperous city, with wealth derived from a flourishing wine trade across the Mediterranean, as well as an intellectual centre whose leading lights combined traditional classical and Christian learning. Bishop Porphyry is famous for effecting the transformation in the early fourth century AD of this thriving community from a bastion of pagan beliefs into a Christian city, primarily through the destruction of the main temple to the god Marnas and other pagan sanctuaries and the working of miracles for the benefit of the local populaiton. Conversion was neither easy nor guaranteed, since the leaders of local society at the time were solidly pagan and prepared to mobilize violence to defend their traditional ways. His success required missions to the empire&apos;s capital, Constantinople, where he interacted with the Patriarch John Chrysostom and imperial authorities. On one occasion he managed with the help of Empress Eudoxia to outmanoeuvre Emperor Arcadius into acceding to his request for imperial authority and physical backing to secure the closure and demolition of temples. The two key versions of Porphyry&apos;s biography are here presented together in new translations for the first time.&quot; --</marc:subfield><marc:subfield code="c">Publisher, page four of cover.</marc:subfield></marc:datafield><marc:datafield tag="650" ind1=" " ind2="0"><marc:subfield code="a">Christian saints</marc:subfield><marc:subfield code="v">Biography</marc:subfield><marc:subfield code="x">Early works to 1800</marc:subfield><marc:subfield code="z">Palestine</marc:subfield></marc:datafield><marc:datafield tag="650" ind1=" " ind2="0"><marc:subfield code="a">Church history</marc:subfield><marc:subfield code="y">Primitive and early church, ca. 30-600</marc:subfield></marc:datafield><marc:datafield tag="700" ind1="1" ind2=" "><marc:subfield code="a">Childers, Jeff,</marc:subfield><marc:subfield code="d">....-</marc:subfield><marc:subfield code="0">(viaf)284437857</marc:subfield></marc:datafield><marc:datafield tag="700" ind1="1" ind2=" "><marc:subfield code="a">Rapp, Claudia</marc:subfield><marc:subfield code="d">1961-</marc:subfield><marc:subfield code="0">(viaf)64181185</marc:subfield></marc:datafield><marc:datafield tag="700" ind1="1" ind2=" "><marc:subfield code="a">Whitby, Michael,</marc:subfield><marc:subfield code="d">1952-</marc:subfield><marc:subfield code="0">(viaf)30805</marc:subfield></marc:datafield><marc:datafield tag="920" ind1=" " ind2=" "><marc:subfield code="a">book</marc:subfield></marc:datafield></marc:record>