<marc:record><marc:leader>01117cam a22003254a 4500</marc:leader><marc:controlfield tag="005">20250924113251.0</marc:controlfield><marc:controlfield tag="008">060612s2006    fr b   |rb   |001 |bfre|c</marc:controlfield><marc:controlfield tag="001">990036752960409161</marc:controlfield><marc:datafield tag="SID" ind1=" " ind2=" "><marc:subfield code="a">Z39</marc:subfield><marc:subfield code="b">LOC</marc:subfield></marc:datafield><marc:datafield tag="010" ind1=" " ind2=" "><marc:subfield code="a">2006484637</marc:subfield></marc:datafield><marc:datafield tag="020" ind1=" " ind2=" "><marc:subfield code="a">2262016585</marc:subfield></marc:datafield><marc:datafield tag="020" ind1=" " ind2=" "><marc:subfield code="a">9782262016586</marc:subfield></marc:datafield><marc:datafield tag="035" ind1=" " ind2=" "><marc:subfield code="a">(RUG01)003675296</marc:subfield></marc:datafield><marc:datafield tag="035" ind1=" " ind2=" "><marc:subfield code="a">14426662</marc:subfield></marc:datafield><marc:datafield tag="040" ind1=" " ind2=" "><marc:subfield code="a">CSt</marc:subfield><marc:subfield code="c">CSt</marc:subfield><marc:subfield code="d">DLC</marc:subfield></marc:datafield><marc:datafield tag="042" ind1=" " ind2=" "><marc:subfield code="a">pcc</marc:subfield></marc:datafield><marc:datafield tag="043" ind1=" " ind2=" "><marc:subfield code="a">e-fr---</marc:subfield></marc:datafield><marc:datafield tag="050" ind1="0" ind2="0"><marc:subfield code="a">DC112.M9</marc:subfield><marc:subfield code="b">P67 2006</marc:subfield></marc:datafield><marc:datafield tag="100" ind1="1" ind2=" "><marc:subfield code="a">Poton, Didier,</marc:subfield><marc:subfield code="d">1951-</marc:subfield><marc:subfield code="0">(viaf)49255245</marc:subfield></marc:datafield><marc:datafield tag="245" ind1="1" ind2="0"><marc:subfield code="a">Duplessis-Mornay :</marc:subfield><marc:subfield code="b">1549-1623 : le &quot;pape des huguenots&quot; /</marc:subfield><marc:subfield code="c">Didier Poton.</marc:subfield></marc:datafield><marc:datafield tag="260" ind1=" " ind2=" "><marc:subfield code="a">Paris :</marc:subfield><marc:subfield code="b">Perrin,</marc:subfield><marc:subfield code="c">2006.</marc:subfield></marc:datafield><marc:datafield tag="300" ind1=" " ind2=" "><marc:subfield code="a">IV, 333 p. :</marc:subfield><marc:subfield code="b">maps ;</marc:subfield><marc:subfield code="c">23 cm.</marc:subfield></marc:datafield><marc:datafield tag="500" ind1=" " ind2=" "><marc:subfield code="a">Met ex libris van Hilde Symoens</marc:subfield><marc:subfield code="3">LWBIB.L0</marc:subfield></marc:datafield><marc:datafield tag="504" ind1=" " ind2=" "><marc:subfield code="a">Includes bibliographical references (p. [317]-324) and index.</marc:subfield></marc:datafield><marc:datafield tag="541" ind1=" " ind2=" "><marc:subfield code="a">De Ridder-Symoens, Hilde</marc:subfield><marc:subfield code="c">Schenking</marc:subfield><marc:subfield code="d">16/03/2023</marc:subfield><marc:subfield code="3">LWBIB.L06.NT.05.F.C.0101</marc:subfield></marc:datafield><marc:datafield tag="600" ind1="1" ind2="0"><marc:subfield code="a">Mornay, Philippe de,</marc:subfield><marc:subfield code="c">seigneur du Plessis-Marly,</marc:subfield><marc:subfield code="d">1549-1623.</marc:subfield></marc:datafield><marc:datafield tag="650" ind1=" " ind2="0"><marc:subfield code="a">Huguenots</marc:subfield><marc:subfield code="x">History</marc:subfield><marc:subfield code="y">16th century.</marc:subfield></marc:datafield><marc:datafield tag="650" ind1=" " ind2="0"><marc:subfield code="a">Reformation</marc:subfield><marc:subfield code="z">France.</marc:subfield></marc:datafield><marc:datafield tag="651" ind1=" " ind2="0"><marc:subfield code="a">France</marc:subfield><marc:subfield code="x">Politics and government</marc:subfield><marc:subfield code="y">16th century.</marc:subfield></marc:datafield><marc:datafield tag="920" ind1=" " ind2=" "><marc:subfield code="a">book</marc:subfield></marc:datafield></marc:record>