<marc:record><marc:leader>02748cam a2200289 i 4500</marc:leader><marc:controlfield tag="005">20250930125404.0</marc:controlfield><marc:controlfield tag="008">241011s2024    nyua   |rb   |001 ||eng||</marc:controlfield><marc:controlfield tag="001">990036752950409161</marc:controlfield><marc:datafield tag="SID" ind1=" " ind2=" "><marc:subfield code="a">Z39</marc:subfield><marc:subfield code="b">LOC</marc:subfield></marc:datafield><marc:datafield tag="010" ind1=" " ind2=" "><marc:subfield code="a">2024037164</marc:subfield></marc:datafield><marc:datafield tag="020" ind1=" " ind2=" "><marc:subfield code="a">9780190263256</marc:subfield><marc:subfield code="q">pbk</marc:subfield></marc:datafield><marc:datafield tag="035" ind1=" " ind2=" "><marc:subfield code="a">(RUG01)003675295</marc:subfield></marc:datafield><marc:datafield tag="035" ind1=" " ind2=" "><marc:subfield code="a">23890983</marc:subfield></marc:datafield><marc:datafield tag="040" ind1=" " ind2=" "><marc:subfield code="a">DLC</marc:subfield><marc:subfield code="b">eng</marc:subfield><marc:subfield code="c">DLC</marc:subfield><marc:subfield code="d">DLC</marc:subfield><marc:subfield code="e">rda</marc:subfield></marc:datafield><marc:datafield tag="042" ind1=" " ind2=" "><marc:subfield code="a">pcc</marc:subfield></marc:datafield><marc:datafield tag="043" ind1=" " ind2=" "><marc:subfield code="a">a-is---</marc:subfield><marc:subfield code="a">e-gr---</marc:subfield><marc:subfield code="a">a------</marc:subfield><marc:subfield code="a">aw-----</marc:subfield><marc:subfield code="a">e------</marc:subfield><marc:subfield code="a">ff-----</marc:subfield></marc:datafield><marc:datafield tag="050" ind1="0" ind2="0"><marc:subfield code="a">DS110.J78</marc:subfield><marc:subfield code="b">D47 2024</marc:subfield></marc:datafield><marc:datafield tag="100" ind1="1" ind2=" "><marc:subfield code="a">deSilva, David A.,</marc:subfield><marc:subfield code="d">1967-</marc:subfield><marc:subfield code="0">(viaf)9852751</marc:subfield></marc:datafield><marc:datafield tag="245" ind1="1" ind2="0"><marc:subfield code="a">Judea under Greek and Roman rule /</marc:subfield><marc:subfield code="c">David A. deSilva</marc:subfield></marc:datafield><marc:datafield tag="260" ind1=" " ind2=" "><marc:subfield code="a">New York (N.Y.) :</marc:subfield><marc:subfield code="b">Oxford university press,</marc:subfield><marc:subfield code="c">2024</marc:subfield></marc:datafield><marc:datafield tag="300" ind1=" " ind2=" "><marc:subfield code="a">204 p.: ill.</marc:subfield></marc:datafield><marc:datafield tag="490" ind1="0" ind2=" "><marc:subfield code="a">Essentials of Biblical studies</marc:subfield></marc:datafield><marc:datafield tag="504" ind1=" " ind2=" "><marc:subfield code="a">Includes bibliographical references and indexes.</marc:subfield></marc:datafield><marc:datafield tag="505" ind1="0" ind2=" "><marc:subfield code="a">Living with giants : from Alexander to Antiochus III -- Abomination of desolation : the Hellenizing crisis and the Maccabean revolution -- Heirs of Phinehas : the rise and demise of the Hasmonean Dynasty -- The king of the Jews : Herod and his heirs -- Under the eagle&apos;s wings : Judea under Roman rule -- A failed Messiah and a new beginning : the second Jewish revolt and the rise of rabbinic Judaism.</marc:subfield></marc:datafield><marc:datafield tag="520" ind1=" " ind2=" "><marc:subfield code="a">&quot;This volume provides a reconstruction of the history of Judea and its neighboring regions from 334 BCE, when Alexander&apos;s eastward conquests brought Judea into the Greek empire, through 135 CE, when Hadrian re-founded Jerusalem as Aelia Capitolina and banished Jews from the city limits - a formative period both for early Judaism and the Christian movement. This history unfolds against the backdrop of the international politics that largely constrained developments within Judea, including the wars between the Seleucid and Ptolemaic empires for control of Palestine, the internal wars that led to the decline of the Seleucid empire, and the eastward expansion and consolidation of Roman rule with its own history of civil wars. Particular attention is given to the Hellenizing Reform that precipitated the Maccabean Revolt, the establishment of an independent kingdom under the Hasmonean Dynasty, the rule of Herod and transition to Roman rule, the circumstances that precipitated two devastating revolts against Roman domination, and constructive responses (both literary and practical) within Judaism to both revolts and the consequences. Attention is given throughout to economic and social conditions as well as religious developments and movements. The reconstruction relies on the critical analysis of a wide range of ancient literary sources, the archaeological and inscriptional record, numismatics, and modern scholarship&quot;--</marc:subfield><marc:subfield code="c">Provided by publisher.</marc:subfield></marc:datafield><marc:datafield tag="650" ind1=" " ind2="0"><marc:subfield code="a">Jews</marc:subfield><marc:subfield code="x">History</marc:subfield><marc:subfield code="y">586 B.C.-70 A.D.</marc:subfield></marc:datafield><marc:datafield tag="920" ind1=" " ind2=" "><marc:subfield code="a">book</marc:subfield></marc:datafield></marc:record>