<marc:record><marc:leader>01029nam a2200241 a 4500</marc:leader><marc:controlfield tag="005">20251001105819.0</marc:controlfield><marc:controlfield tag="008">250729|2024||||be |||||rm||||||| ||eng|d</marc:controlfield><marc:controlfield tag="001">990036752770409161</marc:controlfield><marc:datafield tag="020" ind1=" " ind2=" "><marc:subfield code="a">9789463558853</marc:subfield></marc:datafield><marc:datafield tag="035" ind1=" " ind2=" "><marc:subfield code="a">(RUG01)003675277</marc:subfield></marc:datafield><marc:datafield tag="040" ind1=" " ind2=" "><marc:subfield code="a">BE-GnUNI</marc:subfield></marc:datafield><marc:datafield tag="041" ind1=" " ind2=" "><marc:subfield code="a">eng</marc:subfield><marc:subfield code="b">dut</marc:subfield><marc:subfield code="b">eng</marc:subfield></marc:datafield><marc:datafield tag="100" ind1="1" ind2=" "><marc:subfield code="a">Van Onsem, Matthias,</marc:subfield><marc:subfield code="d">1994-</marc:subfield><marc:subfield code="0">(ugent)01610164</marc:subfield><marc:subfield code="0">(viaf)</marc:subfield></marc:datafield><marc:datafield tag="245" ind1="1" ind2="0"><marc:subfield code="a">Efficient insight mining for time series data in large scale network monitoring environments /</marc:subfield><marc:subfield code="c">Matthias Van Onsem.</marc:subfield></marc:datafield><marc:datafield tag="260" ind1=" " ind2=" "><marc:subfield code="a">Ghent :</marc:subfield><marc:subfield code="b">Ghent University,</marc:subfield><marc:subfield code="c">2024.</marc:subfield></marc:datafield><marc:datafield tag="300" ind1=" " ind2=" "><marc:subfield code="a">XXIII, 160 p. : ill.</marc:subfield></marc:datafield><marc:datafield tag="502" ind1=" " ind2=" "><marc:subfield code="a">Doctoral dissertation submitted to obtain the adademic degree of Doctor of Computer Science Engineering</marc:subfield></marc:datafield><marc:datafield tag="518" ind1=" " ind2=" "><marc:subfield code="d">2024-09-19</marc:subfield><marc:subfield code="o">Verdediging</marc:subfield><marc:subfield code="p">Zwijnaarde</marc:subfield></marc:datafield><marc:datafield tag="700" ind1="1" ind2=" "><marc:subfield code="a">Van Hoecke, Sofie,</marc:subfield><marc:subfield code="d">1979-</marc:subfield><marc:subfield code="e">promotor</marc:subfield><marc:subfield code="0">(ugent)801001741310</marc:subfield><marc:subfield code="0">(viaf)0</marc:subfield></marc:datafield><marc:datafield tag="700" ind1="1" ind2=" "><marc:subfield code="a">Dreesen, Dennis,</marc:subfield><marc:subfield code="d">....-</marc:subfield><marc:subfield code="e">copromotor</marc:subfield><marc:subfield code="0">(viaf)</marc:subfield></marc:datafield><marc:datafield tag="710" ind1="2" ind2=" "><marc:subfield code="a">Ghent University</marc:subfield><marc:subfield code="b">Faculty of Engineering and Architecture</marc:subfield><marc:subfield code="b">Department of Electronics and Information Systems</marc:subfield></marc:datafield><marc:datafield tag="920" ind1=" " ind2=" "><marc:subfield code="a">phd</marc:subfield></marc:datafield><marc:datafield tag="922" ind1=" " ind2=" "><marc:subfield code="a">UGENT-EA</marc:subfield></marc:datafield></marc:record>