<marc:record><marc:leader>00869nam a2200217 a 4500</marc:leader><marc:controlfield tag="005">20250918232116.0</marc:controlfield><marc:controlfield tag="008">250729s2014    be |||||r|||||||| ||fre|d</marc:controlfield><marc:controlfield tag="001">990036752730409161</marc:controlfield><marc:datafield tag="020" ind1=" " ind2=" "><marc:subfield code="a">9782930495255</marc:subfield></marc:datafield><marc:datafield tag="035" ind1=" " ind2=" "><marc:subfield code="a">(RUG01)003675273</marc:subfield></marc:datafield><marc:datafield tag="040" ind1=" " ind2=" "><marc:subfield code="a">BE-GnUNI</marc:subfield></marc:datafield><marc:datafield tag="050" ind1=" " ind2="4"><marc:subfield code="a">GN772.2.A1</marc:subfield><marc:subfield code="b">W455 2014</marc:subfield></marc:datafield><marc:datafield tag="100" ind1="1" ind2=" "><marc:subfield code="a">Weinberger, Ariane,</marc:subfield><marc:subfield code="d">....-</marc:subfield><marc:subfield code="0">(viaf)315609756</marc:subfield></marc:datafield><marc:datafield tag="245" ind1="1" ind2="3"><marc:subfield code="a">Le dessein de Sapiens au paléolithique supérieur européen :</marc:subfield><marc:subfield code="b">de la survie à la transcendance /</marc:subfield><marc:subfield code="c">Ariane Weinberger; préface de Aurelien Simonet.</marc:subfield></marc:datafield><marc:datafield tag="260" ind1=" " ind2=" "><marc:subfield code="a">Liège :</marc:subfield><marc:subfield code="b">Université de Liège. Service de préhistoire,</marc:subfield><marc:subfield code="c">2014.</marc:subfield></marc:datafield><marc:datafield tag="300" ind1=" " ind2=" "><marc:subfield code="a">120 p.: ill.</marc:subfield></marc:datafield><marc:datafield tag="490" ind1="0" ind2=" "><marc:subfield code="a">ÉRAUL : études et recherches archéologiques de l&apos;Université de Liège ;</marc:subfield><marc:subfield code="v">139</marc:subfield></marc:datafield><marc:datafield tag="650" ind1=" " ind2="0"><marc:subfield code="a">Art, Prehistoric</marc:subfield><marc:subfield code="z">Europe</marc:subfield></marc:datafield><marc:datafield tag="650" ind1=" " ind2="0"><marc:subfield code="a">Paleolithic period</marc:subfield><marc:subfield code="z">Europe.</marc:subfield></marc:datafield><marc:datafield tag="700" ind1="1" ind2=" "><marc:subfield code="a">Simonet, Aurélien,</marc:subfield><marc:subfield code="d">1982-</marc:subfield><marc:subfield code="0">(viaf)160218348</marc:subfield></marc:datafield><marc:datafield tag="920" ind1=" " ind2=" "><marc:subfield code="a">book</marc:subfield></marc:datafield></marc:record>