<marc:record><marc:leader>01739nam a2200313 a 4500</marc:leader><marc:controlfield tag="005">20250918232112.0</marc:controlfield><marc:controlfield tag="008">250729s2013    be |||||r|||||||| ||fre|d</marc:controlfield><marc:controlfield tag="001">990036752700409161</marc:controlfield><marc:datafield tag="020" ind1=" " ind2=" "><marc:subfield code="a">9782930495231</marc:subfield></marc:datafield><marc:datafield tag="035" ind1=" " ind2=" "><marc:subfield code="a">(RUG01)003675270</marc:subfield></marc:datafield><marc:datafield tag="040" ind1=" " ind2=" "><marc:subfield code="a">BE-GnUNI</marc:subfield></marc:datafield><marc:datafield tag="041" ind1="0" ind2=" "><marc:subfield code="a">fre</marc:subfield><marc:subfield code="b">eng</marc:subfield><marc:subfield code="b">fre</marc:subfield></marc:datafield><marc:datafield tag="050" ind1=" " ind2="4"><marc:subfield code="a">GN772.22.F8</marc:subfield><marc:subfield code="b">O339 2013</marc:subfield></marc:datafield><marc:datafield tag="245" ind1="0" ind2="4"><marc:subfield code="a">Les occupations paléolithiques du gisement du Long-Buisson à Guichainville/Le Vieil-Evreux (Eure-France) dans leur contexte chronostratigraphique /</marc:subfield><marc:subfield code="c">opération d&apos;archéologie préventive conduite sous la coordination de Cyril Marcigny; volume sous la direction de Dominique Cliquet; avant propos de Pascal Depaepe et de Marcel Otte; préface de Jacques Jaubert; avec les contributions de Bruno Aubry et al.</marc:subfield></marc:datafield><marc:datafield tag="246" ind1="3" ind2="1"><marc:subfield code="a">Palaeolithic occupations site of Le Long-Buisson in Guichainville/Le Vieil-Evreux (Eure-France) in their chronostratigraphical context</marc:subfield></marc:datafield><marc:datafield tag="260" ind1=" " ind2=" "><marc:subfield code="a">Liège :</marc:subfield><marc:subfield code="b">Université de Liège. Service de préhistoire,</marc:subfield><marc:subfield code="c">2013.</marc:subfield></marc:datafield><marc:datafield tag="300" ind1=" " ind2=" "><marc:subfield code="a">166 p.: ill.</marc:subfield></marc:datafield><marc:datafield tag="490" ind1="0" ind2=" "><marc:subfield code="a">ÉRAUL : études et recherches archéologiques de l&apos;Université de Liège ;</marc:subfield><marc:subfield code="v">137</marc:subfield></marc:datafield><marc:datafield tag="500" ind1=" " ind2=" "><marc:subfield code="a">Étude menée dans le cadre du Projet collectif de recherche &quot;Les Premiers Hommes en Normandie&quot;</marc:subfield></marc:datafield><marc:datafield tag="546" ind1=" " ind2=" "><marc:subfield code="a">Met inhoudstafel en samenvatting in het Frans en Engels</marc:subfield></marc:datafield><marc:datafield tag="650" ind1=" " ind2="0"><marc:subfield code="a">Paleolithic period</marc:subfield><marc:subfield code="z">France</marc:subfield><marc:subfield code="z">Eure.</marc:subfield></marc:datafield><marc:datafield tag="651" ind1=" " ind2="0"><marc:subfield code="a">Eure (France)</marc:subfield><marc:subfield code="x">Antiquities.</marc:subfield></marc:datafield><marc:datafield tag="700" ind1="1" ind2=" "><marc:subfield code="a">Marcigny, Cyril,</marc:subfield><marc:subfield code="d">1970-</marc:subfield><marc:subfield code="0">(viaf)27283057</marc:subfield></marc:datafield><marc:datafield tag="700" ind1="1" ind2=" "><marc:subfield code="a">Cliquet, Dominique,</marc:subfield><marc:subfield code="d">....-</marc:subfield><marc:subfield code="0">(viaf)9887722</marc:subfield></marc:datafield><marc:datafield tag="700" ind1="1" ind2=" "><marc:subfield code="a">Depaepe, Pascal,</marc:subfield><marc:subfield code="d">1963-</marc:subfield><marc:subfield code="0">(viaf)187531254</marc:subfield></marc:datafield><marc:datafield tag="700" ind1="1" ind2=" "><marc:subfield code="a">Otte, Marcel,</marc:subfield><marc:subfield code="d">1948-</marc:subfield><marc:subfield code="0">(viaf)73865366</marc:subfield></marc:datafield><marc:datafield tag="700" ind1="1" ind2=" "><marc:subfield code="a">Jaubert, Jacques,</marc:subfield><marc:subfield code="d">1957-</marc:subfield><marc:subfield code="0">(viaf)159713141</marc:subfield></marc:datafield><marc:datafield tag="700" ind1="1" ind2=" "><marc:subfield code="a">Aubry, Bruno,</marc:subfield><marc:subfield code="d">....-</marc:subfield><marc:subfield code="0">(viaf)9293159248591804870007</marc:subfield></marc:datafield><marc:datafield tag="920" ind1=" " ind2=" "><marc:subfield code="a">book</marc:subfield></marc:datafield></marc:record>