<marc:record><marc:leader>04044nam a2200589 u 4500</marc:leader><marc:controlfield tag="005">20250918232116.0</marc:controlfield><marc:controlfield tag="008">130301s2011    be     |r|   |000 ||dut|c</marc:controlfield><marc:controlfield tag="001">990036752690409161</marc:controlfield><marc:datafield tag="020" ind1=" " ind2=" "><marc:subfield code="a">9789044126020</marc:subfield></marc:datafield><marc:datafield tag="020" ind1=" " ind2=" "><marc:subfield code="a">9789044126051</marc:subfield></marc:datafield><marc:datafield tag="020" ind1=" " ind2=" "><marc:subfield code="a">9789044127515</marc:subfield></marc:datafield><marc:datafield tag="020" ind1=" " ind2=" "><marc:subfield code="a">9789044127560</marc:subfield></marc:datafield><marc:datafield tag="020" ind1=" " ind2=" "><marc:subfield code="a">9789044126068</marc:subfield></marc:datafield><marc:datafield tag="020" ind1=" " ind2=" "><marc:subfield code="a">9789044127577</marc:subfield></marc:datafield><marc:datafield tag="020" ind1=" " ind2=" "><marc:subfield code="a">9789044127546</marc:subfield></marc:datafield><marc:datafield tag="020" ind1=" " ind2=" "><marc:subfield code="a">9789044126075</marc:subfield></marc:datafield><marc:datafield tag="020" ind1=" " ind2=" "><marc:subfield code="a">9789044127539</marc:subfield></marc:datafield><marc:datafield tag="020" ind1=" " ind2=" "><marc:subfield code="a">9789044127522</marc:subfield></marc:datafield><marc:datafield tag="020" ind1=" " ind2=" "><marc:subfield code="a">9789044127553</marc:subfield></marc:datafield><marc:datafield tag="020" ind1=" " ind2=" "><marc:subfield code="a">9789044126044</marc:subfield></marc:datafield><marc:datafield tag="020" ind1=" " ind2=" "><marc:subfield code="a">9789044127591</marc:subfield></marc:datafield><marc:datafield tag="020" ind1=" " ind2=" "><marc:subfield code="a">9789044127614</marc:subfield></marc:datafield><marc:datafield tag="020" ind1=" " ind2=" "><marc:subfield code="a">9789044127607</marc:subfield></marc:datafield><marc:datafield tag="035" ind1=" " ind2=" "><marc:subfield code="a">(RUG01)003675269</marc:subfield></marc:datafield><marc:datafield tag="035" ind1=" " ind2=" "><marc:subfield code="a">(BeLVLBS)008889150LBS01-Aleph</marc:subfield></marc:datafield><marc:datafield tag="040" ind1=" " ind2=" "><marc:subfield code="a">BeLVLBS</marc:subfield><marc:subfield code="b">Language of cataloging varies</marc:subfield><marc:subfield code="e">rda based</marc:subfield></marc:datafield><marc:datafield tag="100" ind1="1" ind2=" "><marc:subfield code="a">Vanmontfort, Magda,</marc:subfield><marc:subfield code="d">....-</marc:subfield><marc:subfield code="0">(viaf)291276581</marc:subfield></marc:datafield><marc:datafield tag="245" ind1="1" ind2="0"><marc:subfield code="a">HorizonTaal :</marc:subfield><marc:subfield code="b">studiekeuze als ontdekking /</marc:subfield><marc:subfield code="c">Magda Vanmontfort.</marc:subfield></marc:datafield><marc:datafield tag="260" ind1=" " ind2=" "><marc:subfield code="a">Antwerpen :</marc:subfield><marc:subfield code="b">Garant,</marc:subfield><marc:subfield code="c">2011.</marc:subfield></marc:datafield><marc:datafield tag="264" ind1=" " ind2="1"><marc:subfield code="a">Antwerpen :</marc:subfield><marc:subfield code="b">Garant,</marc:subfield><marc:subfield code="c">2011.</marc:subfield></marc:datafield><marc:datafield tag="300" ind1=" " ind2=" "><marc:subfield code="a">15 v. + bijlagen in 1 doos.</marc:subfield></marc:datafield><marc:datafield tag="505" ind1="0" ind2=" "><marc:subfield code="a">Aigoual, een woud herleeft</marc:subfield><marc:subfield code="g">een film van Marc Khanne</marc:subfield><marc:subfield code="g">dvd</marc:subfield></marc:datafield><marc:datafield tag="505" ind1="0" ind2=" "><marc:subfield code="a">Bestuur en administratie</marc:subfield><marc:subfield code="g">104 p. : ill.</marc:subfield></marc:datafield><marc:datafield tag="505" ind1="0" ind2=" "><marc:subfield code="a">Handleiding</marc:subfield><marc:subfield code="g">56 p.</marc:subfield></marc:datafield><marc:datafield tag="505" ind1="0" ind2=" "><marc:subfield code="a">Kunst</marc:subfield><marc:subfield code="g">72 p. : ill.</marc:subfield></marc:datafield><marc:datafield tag="505" ind1="0" ind2=" "><marc:subfield code="a">Literatuur en cultuur</marc:subfield><marc:subfield code="g">48 p. : ill.</marc:subfield></marc:datafield><marc:datafield tag="505" ind1="0" ind2=" "><marc:subfield code="a">Max och Lottas äventyr</marc:subfield><marc:subfield code="g">12 p. : ill.</marc:subfield></marc:datafield><marc:datafield tag="505" ind1="0" ind2=" "><marc:subfield code="a">Medisch en paramedisch</marc:subfield><marc:subfield code="g">68 p. : ill.</marc:subfield></marc:datafield><marc:datafield tag="505" ind1="0" ind2=" "><marc:subfield code="a">Milieu en ecologie</marc:subfield><marc:subfield code="g">40 p. : ill.</marc:subfield></marc:datafield><marc:datafield tag="505" ind1="0" ind2=" "><marc:subfield code="a">Psychologie en pedagogie</marc:subfield><marc:subfield code="g">64 p. : ill.</marc:subfield></marc:datafield><marc:datafield tag="505" ind1="0" ind2=" "><marc:subfield code="a">Set 1: kaartenset en Filmactiviteiten</marc:subfield><marc:subfield code="g">8 p. + 63 blauwe kaarten (mijn interesses), 7 groene kaarten (ik en mijn vragen), 9 rode kaarten (ik en mijn groep), 9 okere kaarten (ik en leren)</marc:subfield></marc:datafield><marc:datafield tag="505" ind1="0" ind2=" "><marc:subfield code="a">Set 2: Tijdlijn; Gemeenteplan Maasmechelen; Plattegrond stadskern; Marktkraampjes(60 kaartjes); Stadsonderdelen (90 kaartjes); Organenkaarten (58 kaartjes)</marc:subfield></marc:datafield><marc:datafield tag="505" ind1="0" ind2=" "><marc:subfield code="a">Sociaal leven en samenleving</marc:subfield><marc:subfield code="g">56 p. : ill.</marc:subfield></marc:datafield><marc:datafield tag="505" ind1="0" ind2=" "><marc:subfield code="a">Stripverhaal</marc:subfield><marc:subfield code="g">75 p. : ill.</marc:subfield></marc:datafield><marc:datafield tag="505" ind1="0" ind2=" "><marc:subfield code="a">Techniek en technologie</marc:subfield><marc:subfield code="g">56 p. : ill.</marc:subfield></marc:datafield><marc:datafield tag="505" ind1="0" ind2=" "><marc:subfield code="a">Vogelgids</marc:subfield><marc:subfield code="g">23 p. : ill.</marc:subfield></marc:datafield><marc:datafield tag="505" ind1="0" ind2=" "><marc:subfield code="a">Wetenschappen</marc:subfield><marc:subfield code="g">72 p. : ill.</marc:subfield></marc:datafield><marc:datafield tag="505" ind1="0" ind2=" "><marc:subfield code="a">Zaken en economie</marc:subfield><marc:subfield code="g">48 p. : ill.</marc:subfield></marc:datafield><marc:datafield tag="505" ind1="0" ind2=" "><marc:subfield code="a">Zweeds-Nederlands woordenboek</marc:subfield><marc:subfield code="g">8 p. : ill.</marc:subfield></marc:datafield><marc:datafield tag="520" ind1=" " ind2=" "><marc:subfield code="a">Jongeren van 13 en 14 jaar hebben vaak een eenzijdig beeld van de beroepenwereld, de kennisdomeinen die daarmee samenhangen en de studierichtingen die naar diverse beroepen leiden. Vele leerlingen ontgaat daardoor de zin van de kennis, de vaardigheden en de attitudes die hen op school worden aangereikt. Hun studiekeuze na de eerste twee jaren in het secundair onderwijs gebeurt dan ook vaak op een weinig onderbouwde manier. De methode HorizonTaal laat jongeren tien kennisdomeinen grondig verkennen. Deze kennisdomeinen zijn gekozen met betrekking tot mogelijke verdere onderwijstrajecten. Tijdens die verkenning worden de leerlingen gemotiveerd om taal te gebruiken in uiteenlopende formele en informele sociale contexten. Ze denken na over hun interesses en mogelijkheden en ze staan stil bij hun persoonlijke keuzeprocessen en aspiraties. Daarin worden zebegeleid door hun leerkrachten en leerlingenbegeleiders. HorizonTaal bestaat naast tien domeinboeken met opdrachten-, informatie- en actiekaarten, uit een Stripboek dat de thema&apos;s en de diverse kennisdomeinen op een toegankelijke manier inleidt. Daarnaast bevat het pakket ook een kwartetspel, waarmee de leerlingen op een interactieve manier met zichzelf, de medeleerlingen en de docenten kunnen communiceren over hun eigen profiel. Tenslotte is er een Film die alle kennisdomeinen aan bod laat komen en dient als een synthese voor het hele project. Een Handleiding licht de methode toe. Op die manier is HorizonTaal een interactief, speels en intrigerend geheel dat elke leerling de mogelijkheid geeft om zijn eigen persoonlijkheid, kwaliteiten en interesses ten volle te ontplooien samen met de taalvaardigheid om die ervaringen te delen. Studiekeuze wordt daardoor een erg creatieve, boeiende ontdekkingsreis.</marc:subfield></marc:datafield><marc:datafield tag="920" ind1=" " ind2=" "><marc:subfield code="a">book</marc:subfield></marc:datafield><marc:datafield tag="SID" ind1=" " ind2=" "><marc:subfield code="a">Z39</marc:subfield><marc:subfield code="b">32KUL_LIBIS_NETWORK</marc:subfield></marc:datafield></marc:record>