<marc:record><marc:leader>00945nam a2200229 a 4500</marc:leader><marc:controlfield tag="005">20250918232113.0</marc:controlfield><marc:controlfield tag="008">250729s2014    be |||||r|||||||| ||fre|d</marc:controlfield><marc:controlfield tag="001">990036752680409161</marc:controlfield><marc:datafield tag="020" ind1=" " ind2=" "><marc:subfield code="a">9782930495224</marc:subfield></marc:datafield><marc:datafield tag="035" ind1=" " ind2=" "><marc:subfield code="a">(RUG01)003675268</marc:subfield></marc:datafield><marc:datafield tag="040" ind1=" " ind2=" "><marc:subfield code="a">BE-GnUNI</marc:subfield></marc:datafield><marc:datafield tag="050" ind1=" " ind2="4"><marc:subfield code="a">N5310.5.F8</marc:subfield><marc:subfield code="b">D943 2014</marc:subfield></marc:datafield><marc:datafield tag="100" ind1="1" ind2=" "><marc:subfield code="a">Duhard, Jean-Pierre,</marc:subfield><marc:subfield code="d">1942-</marc:subfield><marc:subfield code="0">(viaf)9894642</marc:subfield></marc:datafield><marc:datafield tag="245" ind1="1" ind2="0"><marc:subfield code="a">Représentation de l&apos;intimité féminine dans l&apos;art paléolithique en France /</marc:subfield><marc:subfield code="c">Jean-Pierre Duhard, Brigitte Delluc &amp; Gilles Delluc; préface de Yves Coppens.</marc:subfield></marc:datafield><marc:datafield tag="260" ind1=" " ind2=" "><marc:subfield code="a">Liège :</marc:subfield><marc:subfield code="b">Université de Liège. Service de préhistoire,</marc:subfield><marc:subfield code="c">2014.</marc:subfield></marc:datafield><marc:datafield tag="300" ind1=" " ind2=" "><marc:subfield code="a">192 p.: ill.</marc:subfield></marc:datafield><marc:datafield tag="490" ind1="0" ind2=" "><marc:subfield code="a">ÉRAUL : études et recherches archéologiques de l&apos;Université de Liège ;</marc:subfield><marc:subfield code="v">136</marc:subfield></marc:datafield><marc:datafield tag="650" ind1=" " ind2="0"><marc:subfield code="a">Art, Prehistoric</marc:subfield><marc:subfield code="z">France.</marc:subfield></marc:datafield><marc:datafield tag="700" ind1="1" ind2=" "><marc:subfield code="a">Delluc, Brigitte,</marc:subfield><marc:subfield code="d">1937-</marc:subfield><marc:subfield code="0">(viaf)34455440</marc:subfield></marc:datafield><marc:datafield tag="700" ind1="1" ind2=" "><marc:subfield code="a">Delluc, Gilles,</marc:subfield><marc:subfield code="d">1934-2022</marc:subfield><marc:subfield code="0">(viaf)66466093</marc:subfield></marc:datafield><marc:datafield tag="700" ind1="1" ind2=" "><marc:subfield code="a">Coppens, Yves,</marc:subfield><marc:subfield code="d">1934-</marc:subfield><marc:subfield code="0">(viaf)31994842</marc:subfield></marc:datafield><marc:datafield tag="920" ind1=" " ind2=" "><marc:subfield code="a">book</marc:subfield></marc:datafield></marc:record>