<marc:record><marc:leader>00727nam a2200205 a 4500</marc:leader><marc:controlfield tag="005">20250918232110.0</marc:controlfield><marc:controlfield tag="008">250729s2013    be |||||r|||||||| ||fre|d</marc:controlfield><marc:controlfield tag="001">990036752670409161</marc:controlfield><marc:datafield tag="020" ind1=" " ind2=" "><marc:subfield code="a">9782930495217</marc:subfield></marc:datafield><marc:datafield tag="035" ind1=" " ind2=" "><marc:subfield code="a">(RUG01)003675267</marc:subfield></marc:datafield><marc:datafield tag="040" ind1=" " ind2=" "><marc:subfield code="a">BE-GnUNI</marc:subfield></marc:datafield><marc:datafield tag="050" ind1=" " ind2="4"><marc:subfield code="a">GN799.P4</marc:subfield><marc:subfield code="b">V697 2013</marc:subfield></marc:datafield><marc:datafield tag="100" ind1="1" ind2=" "><marc:subfield code="a">Vourc&apos;h, Marie,</marc:subfield><marc:subfield code="d">1978-</marc:subfield><marc:subfield code="0">(viaf)218465390</marc:subfield></marc:datafield><marc:datafield tag="245" ind1="1" ind2="2"><marc:subfield code="a">L&apos;art rupestre préhistorique du nord de la Scandinavie /</marc:subfield><marc:subfield code="c">Marie Vourc&apos;h.</marc:subfield></marc:datafield><marc:datafield tag="260" ind1=" " ind2=" "><marc:subfield code="a">Liège :</marc:subfield><marc:subfield code="b">Université de Liège. Service de préhistoire,</marc:subfield><marc:subfield code="c">2013.</marc:subfield></marc:datafield><marc:datafield tag="300" ind1=" " ind2=" "><marc:subfield code="a">343 p.: ill.</marc:subfield></marc:datafield><marc:datafield tag="490" ind1="0" ind2=" "><marc:subfield code="a">ÉRAUL : études et recherches archéologiques de l&apos;Université de Liège ;</marc:subfield><marc:subfield code="v">135</marc:subfield></marc:datafield><marc:datafield tag="650" ind1=" " ind2="0"><marc:subfield code="a">Petroglyphs</marc:subfield><marc:subfield code="z">Scandinavia.</marc:subfield></marc:datafield><marc:datafield tag="651" ind1=" " ind2="0"><marc:subfield code="a">Scandinavia</marc:subfield><marc:subfield code="x">Antiquities.</marc:subfield></marc:datafield><marc:datafield tag="920" ind1=" " ind2=" "><marc:subfield code="a">book</marc:subfield></marc:datafield></marc:record>