<marc:record><marc:leader>00639nam a2200157 a 4500</marc:leader><marc:controlfield tag="005">20250918232110.0</marc:controlfield><marc:controlfield tag="008">250729|1979||||xx |||||r|||||||| ||dut|d</marc:controlfield><marc:controlfield tag="001">990036752660409161</marc:controlfield><marc:datafield tag="035" ind1=" " ind2=" "><marc:subfield code="a">(RUG01)003675266</marc:subfield></marc:datafield><marc:datafield tag="040" ind1=" " ind2=" "><marc:subfield code="a">BE-GnUNI</marc:subfield></marc:datafield><marc:datafield tag="245" ind1="0" ind2="0"><marc:subfield code="a">Geselecteerde bibliografie van sociaalwetenschappelijke publikaties over etnische minderheden in Nederland /</marc:subfield><marc:subfield code="c">samengesteld door J.E. Ellemers en J.H.J. Vermeulen.</marc:subfield></marc:datafield><marc:datafield tag="260" ind1=" " ind2=" "><marc:subfield code="a">Groningen :</marc:subfield><marc:subfield code="b">Sociologisch Instituut der Rijksuniversiteit te Groningen,</marc:subfield><marc:subfield code="c">1979.</marc:subfield></marc:datafield><marc:datafield tag="300" ind1=" " ind2=" "><marc:subfield code="a">47 p.</marc:subfield></marc:datafield><marc:datafield tag="700" ind1="1" ind2=" "><marc:subfield code="a">Ellemers, J. E.,</marc:subfield><marc:subfield code="d">1930-2015</marc:subfield><marc:subfield code="0">(viaf)27192843</marc:subfield></marc:datafield><marc:datafield tag="700" ind1="1" ind2=" "><marc:subfield code="a">Vermeulen, J. H. J.,</marc:subfield><marc:subfield code="d">1939-2023</marc:subfield><marc:subfield code="0">(viaf)281621079</marc:subfield></marc:datafield><marc:datafield tag="920" ind1=" " ind2=" "><marc:subfield code="a">book</marc:subfield></marc:datafield></marc:record>