<marc:record><marc:leader>00937nam a2200217 a 4500</marc:leader><marc:controlfield tag="005">20250918232113.0</marc:controlfield><marc:controlfield tag="008">250729s2014    be |||||r|||||||| ||eng|d</marc:controlfield><marc:controlfield tag="001">990036752650409161</marc:controlfield><marc:datafield tag="020" ind1=" " ind2=" "><marc:subfield code="a">9782930495200</marc:subfield></marc:datafield><marc:datafield tag="035" ind1=" " ind2=" "><marc:subfield code="a">(RUG01)003675265</marc:subfield></marc:datafield><marc:datafield tag="040" ind1=" " ind2=" "><marc:subfield code="a">BE-GnUNI</marc:subfield></marc:datafield><marc:datafield tag="050" ind1=" " ind2="4"><marc:subfield code="a">GN285</marc:subfield><marc:subfield code="b">.S353 2014</marc:subfield></marc:datafield><marc:datafield tag="245" ind1="0" ind2="4"><marc:subfield code="a">The Scladina I-4A juvenile Neandertal, Andenne, Belgium :</marc:subfield><marc:subfield code="b">palaeoanthropology and context /</marc:subfield><marc:subfield code="c">edited by Michel Toussaint &amp; Dominique Bonjean; Michael Toussaint et al.; preface by Jean-Jacques Hublin.</marc:subfield></marc:datafield><marc:datafield tag="260" ind1=" " ind2=" "><marc:subfield code="a">Liège :</marc:subfield><marc:subfield code="b">Université de Liège. Service de préhistoire,</marc:subfield><marc:subfield code="c">2014.</marc:subfield></marc:datafield><marc:datafield tag="300" ind1=" " ind2=" "><marc:subfield code="a">464 p.: ill.</marc:subfield></marc:datafield><marc:datafield tag="490" ind1="0" ind2=" "><marc:subfield code="a">ÉRAUL : études et recherches archéologiques de l&apos;Université de Liège ;</marc:subfield><marc:subfield code="v">134</marc:subfield></marc:datafield><marc:datafield tag="650" ind1=" " ind2="0"><marc:subfield code="a">Neanderthals</marc:subfield><marc:subfield code="z">Belgium</marc:subfield><marc:subfield code="z">Andenne.</marc:subfield></marc:datafield><marc:datafield tag="700" ind1="1" ind2=" "><marc:subfield code="a">Toussaint, Michel,</marc:subfield><marc:subfield code="d">....-</marc:subfield><marc:subfield code="0">(viaf)71422403</marc:subfield></marc:datafield><marc:datafield tag="700" ind1="1" ind2=" "><marc:subfield code="a">Bonjean, Dominique,</marc:subfield><marc:subfield code="d">....-</marc:subfield><marc:subfield code="0">(viaf)15061508</marc:subfield></marc:datafield><marc:datafield tag="700" ind1="1" ind2=" "><marc:subfield code="a">Hublin, Jean-Jacques,</marc:subfield><marc:subfield code="d">1953-</marc:subfield><marc:subfield code="0">(viaf)196429767</marc:subfield></marc:datafield><marc:datafield tag="920" ind1=" " ind2=" "><marc:subfield code="a">book</marc:subfield></marc:datafield></marc:record>