<marc:record><marc:leader>03145nam a2200373 i 4500</marc:leader><marc:controlfield tag="005">20250924121333.0</marc:controlfield><marc:controlfield tag="008">121219s2012    be a   |rbc  |001 ||dut|c</marc:controlfield><marc:controlfield tag="001">990036752640409161</marc:controlfield><marc:datafield tag="SID" ind1=" " ind2=" "><marc:subfield code="a">Z39</marc:subfield><marc:subfield code="b">01HVD_INST</marc:subfield></marc:datafield><marc:datafield tag="020" ind1=" " ind2=" "><marc:subfield code="a">9789080694750</marc:subfield></marc:datafield><marc:datafield tag="020" ind1=" " ind2=" "><marc:subfield code="a">9080694754</marc:subfield></marc:datafield><marc:datafield tag="035" ind1=" " ind2=" "><marc:subfield code="a">(RUG01)003675264</marc:subfield></marc:datafield><marc:datafield tag="035" ind1=" " ind2=" "><marc:subfield code="a">(OCoLC)822029159</marc:subfield><marc:subfield code="z">(OCoLC)1000905073</marc:subfield></marc:datafield><marc:datafield tag="040" ind1=" " ind2=" "><marc:subfield code="a">CGU</marc:subfield><marc:subfield code="b">eng</marc:subfield><marc:subfield code="c">CGU</marc:subfield><marc:subfield code="e">rda</marc:subfield></marc:datafield><marc:datafield tag="042" ind1=" " ind2=" "><marc:subfield code="a">pcc</marc:subfield></marc:datafield><marc:datafield tag="043" ind1=" " ind2=" "><marc:subfield code="a">e-be---</marc:subfield></marc:datafield><marc:datafield tag="050" ind1=" " ind2="4"><marc:subfield code="a">Z106.5.B42</marc:subfield><marc:subfield code="b">L659 2012</marc:subfield></marc:datafield><marc:datafield tag="245" ind1="0" ind2="0"><marc:subfield code="a">Ex cathedra :</marc:subfield><marc:subfield code="b">Leuvense collegedictaten van de 16de tot de 18de eeuw /</marc:subfield><marc:subfield code="c">onder redactie van Geert Vanpaemel, Katharina Smeyers, An Smets en Diewer Van der Meijden.</marc:subfield></marc:datafield><marc:datafield tag="260" ind1=" " ind2=" "><marc:subfield code="a">Leuven :</marc:subfield><marc:subfield code="b">Universiteitsbibliotheek,</marc:subfield><marc:subfield code="c">2012.</marc:subfield></marc:datafield><marc:datafield tag="300" ind1=" " ind2=" "><marc:subfield code="a">VI, 341 p.: ill. ;</marc:subfield><marc:subfield code="c">24 cm.</marc:subfield></marc:datafield><marc:datafield tag="500" ind1=" " ind2=" "><marc:subfield code="a">Met ex libris van Hilde Symoens</marc:subfield><marc:subfield code="3">LWBIB.L06.NT.03.H.A.0034</marc:subfield></marc:datafield><marc:datafield tag="500" ind1=" " ind2=" "><marc:subfield code="a">&quot;Publicatie bij de tentoonstelling Ex Cathedra: het leven zoals het was in de Universiteitsbibliotheek van de KU Leuven, van 2 april tot 31 augustus 2012.&quot;</marc:subfield></marc:datafield><marc:datafield tag="504" ind1=" " ind2=" "><marc:subfield code="a">Includes bibliographical references and index.</marc:subfield></marc:datafield><marc:datafield tag="505" ind1="0" ind2="0"><marc:subfield code="g">Voorwoord /</marc:subfield><marc:subfield code="g">Inleiding.</marc:subfield><marc:subfield code="g">De</marc:subfield><marc:subfield code="g">Het</marc:subfield><marc:subfield code="g">Het</marc:subfield><marc:subfield code="g">De</marc:subfield><marc:subfield code="g">Een</marc:subfield><marc:subfield code="g">De</marc:subfield><marc:subfield code="g">Bijlagen. Bijlage 1.</marc:subfield><marc:subfield code="g">Bijlage 2.</marc:subfield><marc:subfield code="g">Bijlage 3.</marc:subfield><marc:subfield code="g">Bijlage 4.</marc:subfield><marc:subfield code="r">Mel Collier --</marc:subfield><marc:subfield code="r">Geert Vanpaemel --</marc:subfield><marc:subfield code="r">Hilde de Ridder-Symoens --</marc:subfield><marc:subfield code="r">Jan Roegiers --</marc:subfield><marc:subfield code="r">Mark Derez --</marc:subfield><marc:subfield code="r">Katharina Smeyers --</marc:subfield><marc:subfield code="r">Elly Cockx-Indestege --</marc:subfield><marc:subfield code="r">Jan Papy --</marc:subfield><marc:subfield code="r">Geert Vanpaemel --</marc:subfield><marc:subfield code="r">Françoise Hiraux --</marc:subfield><marc:subfield code="r">Marc van Vaeck --</marc:subfield><marc:subfield code="r">Geert Vanpaemel --</marc:subfield><marc:subfield code="r">Marc van Vaeck en Johan Verberckmoes --</marc:subfield><marc:subfield code="r">Katharina Smeyers en Diewer van der Meijden.</marc:subfield><marc:subfield code="r">Elly Cockx-Indestege.</marc:subfield><marc:subfield code="r">Marc van Vaeck.</marc:subfield><marc:subfield code="r">Geert Vanpaemel en Katharina Smeyers.</marc:subfield><marc:subfield code="t">Collegedictaten als academisch erfgoed /</marc:subfield><marc:subfield code="t">praktijk van kennisoverdracht aan de Europese universiteiten voor 1800 /</marc:subfield><marc:subfield code="t">Leuvense artesonderwijs 1426-1797 : leerstof en onderwijsmethode /</marc:subfield><marc:subfield code="t">onderwijslandschap : vier kostscholen en een huis voor de kunsten /</marc:subfield><marc:subfield code="t">student aan het werk : hoe collegedictaten tot stand kwamen /</marc:subfield><marc:subfield code="t">beschermend omhulsel voor de collegedictaten /</marc:subfield><marc:subfield code="t">Logica aan de Oude Leuvense Universiteit : scholastieke traditie en innovatie? /</marc:subfield><marc:subfield code="t">Van aristotelische Physica tot moderne natuurwetenschap /</marc:subfield><marc:subfield code="t">Metafysica van Aristoteles tot Descartes : het onderwijs in de metafysica aan de Oude Universiteit Leuven /</marc:subfield><marc:subfield code="t">&apos;Printjes ( -- ) tot ciraet van de Dictata&apos; : reeksen van embleemgravures in de Leuvense collegedictaten /</marc:subfield><marc:subfield code="t">natuurwetenschappelijke gravures /</marc:subfield><marc:subfield code="t">Humor in de collegedictaten /</marc:subfield><marc:subfield code="t">Lijst van frontispices /</marc:subfield><marc:subfield code="t">Overzicht van wrijfsels van bandstempels /</marc:subfield><marc:subfield code="t">Embleemgravures /</marc:subfield><marc:subfield code="t">Natuurwetenschappelijke gravures geordend per drukker /</marc:subfield></marc:datafield><marc:datafield tag="541" ind1=" " ind2=" "><marc:subfield code="a">De Ridder-Symoens, Hilde</marc:subfield><marc:subfield code="c">Schenking</marc:subfield><marc:subfield code="d">16/03/2023</marc:subfield><marc:subfield code="3">LWBIB.L06.NT.03.H.A.0034</marc:subfield></marc:datafield><marc:datafield tag="610" ind1="2" ind2="0"><marc:subfield code="a">Katholieke Universiteit te Leuven (1970- ).</marc:subfield><marc:subfield code="b">Universiteitsbibliotheek</marc:subfield><marc:subfield code="v">Catalogs</marc:subfield><marc:subfield code="v">Exhibitions.</marc:subfield></marc:datafield><marc:datafield tag="650" ind1=" " ind2="0"><marc:subfield code="a">Manuscripts</marc:subfield><marc:subfield code="v">Exhibitions.</marc:subfield><marc:subfield code="z">Belgium</marc:subfield><marc:subfield code="z">Louvain</marc:subfield></marc:datafield><marc:datafield tag="655" ind1=" " ind2="7"><marc:subfield code="a">Exhibition catalogs.</marc:subfield><marc:subfield code="0">(OCoLC)fst01424028</marc:subfield><marc:subfield code="2">fast</marc:subfield></marc:datafield><marc:datafield tag="700" ind1="1" ind2=" "><marc:subfield code="a">Vanpaemel, Geert,</marc:subfield><marc:subfield code="d">1955-</marc:subfield><marc:subfield code="0">(viaf)69168114</marc:subfield></marc:datafield><marc:datafield tag="700" ind1="1" ind2=" "><marc:subfield code="a">Smeyers, Katharina,</marc:subfield><marc:subfield code="d">1968-</marc:subfield><marc:subfield code="0">(viaf)56527764</marc:subfield></marc:datafield><marc:datafield tag="700" ind1="1" ind2=" "><marc:subfield code="a">Smets, An,</marc:subfield><marc:subfield code="d">....-</marc:subfield><marc:subfield code="0">(viaf)46941384</marc:subfield></marc:datafield><marc:datafield tag="700" ind1="1" ind2=" "><marc:subfield code="a">van der Meijden, Diewer,</marc:subfield><marc:subfield code="d">....-</marc:subfield><marc:subfield code="0">(viaf)294572817</marc:subfield></marc:datafield><marc:datafield tag="710" ind1="2" ind2=" "><marc:subfield code="a">Katholieke Universiteit te Leuven (1970- ).</marc:subfield><marc:subfield code="b">Universiteitsbibliotheek.</marc:subfield></marc:datafield><marc:datafield tag="920" ind1=" " ind2=" "><marc:subfield code="a">book</marc:subfield></marc:datafield></marc:record>