<marc:record><marc:leader>01093nam a2200253 a 4500</marc:leader><marc:controlfield tag="005">20250918232111.0</marc:controlfield><marc:controlfield tag="008">250729s2012    be |||||r|||||||| ||fre|d</marc:controlfield><marc:controlfield tag="001">990036752630409161</marc:controlfield><marc:datafield tag="020" ind1=" " ind2=" "><marc:subfield code="a">9782930495170</marc:subfield></marc:datafield><marc:datafield tag="035" ind1=" " ind2=" "><marc:subfield code="a">(RUG01)003675263</marc:subfield></marc:datafield><marc:datafield tag="040" ind1=" " ind2=" "><marc:subfield code="a">BE-GnUNI</marc:subfield></marc:datafield><marc:datafield tag="050" ind1=" " ind2="4"><marc:subfield code="a">GN772.2.S6</marc:subfield><marc:subfield code="b">S659 2012</marc:subfield></marc:datafield><marc:datafield tag="245" ind1="0" ind2="0"><marc:subfield code="a">Solutréen et badegoulien au Cuzoul de Vers :</marc:subfield><marc:subfield code="b">des chasseurs de rennes en Quercy /</marc:subfield><marc:subfield code="c">sous la direction de Jean Clottes, Jean-Pierre Giraud &amp; Pierre Chalard; avec les contributions de Guy Astruc et al.</marc:subfield></marc:datafield><marc:datafield tag="260" ind1=" " ind2=" "><marc:subfield code="a">Liège :</marc:subfield><marc:subfield code="b">Université de Liège. Service de préhistoire,</marc:subfield><marc:subfield code="c">2012.</marc:subfield></marc:datafield><marc:datafield tag="300" ind1=" " ind2=" "><marc:subfield code="a">488 p.: ill.</marc:subfield></marc:datafield><marc:datafield tag="490" ind1="0" ind2=" "><marc:subfield code="a">ÉRAUL : études et recherches archéologiques de l&apos;Université de Liège ;</marc:subfield><marc:subfield code="v">131</marc:subfield></marc:datafield><marc:datafield tag="650" ind1=" " ind2="0"><marc:subfield code="a">Excavations (Archaeology)</marc:subfield><marc:subfield code="z">France</marc:subfield><marc:subfield code="z">Quercy.</marc:subfield></marc:datafield><marc:datafield tag="650" ind1=" " ind2="0"><marc:subfield code="a">Solutrean culture</marc:subfield><marc:subfield code="z">France</marc:subfield><marc:subfield code="z">Quercy.</marc:subfield></marc:datafield><marc:datafield tag="651" ind1=" " ind2="0"><marc:subfield code="a">Quercy (France)</marc:subfield><marc:subfield code="x">Antiquities.</marc:subfield></marc:datafield><marc:datafield tag="700" ind1="1" ind2=" "><marc:subfield code="a">Clottes, Jean,</marc:subfield><marc:subfield code="d">1933-</marc:subfield><marc:subfield code="0">(viaf)12306642</marc:subfield></marc:datafield><marc:datafield tag="700" ind1="1" ind2=" "><marc:subfield code="a">Giraud, Jean-Pierre,</marc:subfield><marc:subfield code="d">1953-</marc:subfield><marc:subfield code="0">(viaf)76536048</marc:subfield></marc:datafield><marc:datafield tag="700" ind1="1" ind2=" "><marc:subfield code="a">Chalard, Pierre,</marc:subfield><marc:subfield code="d">....-</marc:subfield><marc:subfield code="0">(viaf)301279504</marc:subfield></marc:datafield><marc:datafield tag="700" ind1="1" ind2=" "><marc:subfield code="a">Astruc, Guy,</marc:subfield><marc:subfield code="d">1939-</marc:subfield><marc:subfield code="0">(viaf)7386229</marc:subfield></marc:datafield><marc:datafield tag="920" ind1=" " ind2=" "><marc:subfield code="a">book</marc:subfield></marc:datafield></marc:record>