<marc:record><marc:leader>01550nam a2200373 a 4500</marc:leader><marc:controlfield tag="005">20251001134346.0</marc:controlfield><marc:controlfield tag="008">860422s1985    hu     |rb   |100 ||fre||</marc:controlfield><marc:controlfield tag="001">990036752600409161</marc:controlfield><marc:datafield tag="SID" ind1=" " ind2=" "><marc:subfield code="a">Z39</marc:subfield><marc:subfield code="b">01HVD_INST</marc:subfield></marc:datafield><marc:datafield tag="010" ind1=" " ind2=" "><marc:subfield code="a">   86148931</marc:subfield></marc:datafield><marc:datafield tag="020" ind1=" " ind2=" "><marc:subfield code="a">9630540096(jacket)</marc:subfield><marc:subfield code="z">963040096</marc:subfield></marc:datafield><marc:datafield tag="035" ind1=" " ind2=" "><marc:subfield code="a">(RUG01)003675260</marc:subfield></marc:datafield><marc:datafield tag="035" ind1=" " ind2=" "><marc:subfield code="a">(OCoLC)14188517</marc:subfield></marc:datafield><marc:datafield tag="040" ind1=" " ind2=" "><marc:subfield code="a">DLC</marc:subfield><marc:subfield code="c">DLC</marc:subfield></marc:datafield><marc:datafield tag="043" ind1=" " ind2=" "><marc:subfield code="a">e-fr---</marc:subfield><marc:subfield code="a">e-hu---</marc:subfield></marc:datafield><marc:datafield tag="050" ind1="0" ind2="0"><marc:subfield code="a">DC33</marc:subfield><marc:subfield code="b">.C625 1980</marc:subfield></marc:datafield><marc:datafield tag="245" ind1="0" ind2="0"><marc:subfield code="a">Intellectuels français, intellectuels hongrois :</marc:subfield><marc:subfield code="b">XIIIe-XXe siècles /</marc:subfield><marc:subfield code="c">volume publié sous la direction de Jacques Le Goff et Béla Köpeczi.</marc:subfield></marc:datafield><marc:datafield tag="260" ind1=" " ind2=" "><marc:subfield code="a">Budapest :</marc:subfield><marc:subfield code="a">Paris :</marc:subfield><marc:subfield code="b">Akadémiai Kiadó</marc:subfield><marc:subfield code="b">CNRS,</marc:subfield><marc:subfield code="c">1985.</marc:subfield></marc:datafield><marc:datafield tag="300" ind1=" " ind2=" "><marc:subfield code="a">324 p. ;</marc:subfield><marc:subfield code="c">25 cm.</marc:subfield></marc:datafield><marc:datafield tag="500" ind1=" " ind2=" "><marc:subfield code="a">Met ex libris van Hilde Symoens</marc:subfield><marc:subfield code="3">LWDEP.SCHENK.0824</marc:subfield></marc:datafield><marc:datafield tag="504" ind1=" " ind2=" "><marc:subfield code="a">Includes bibliographies.</marc:subfield></marc:datafield><marc:datafield tag="541" ind1=" " ind2=" "><marc:subfield code="a">De Ridder-Symoens, Hilde</marc:subfield><marc:subfield code="c">Schenking</marc:subfield><marc:subfield code="d">16/03/2023</marc:subfield><marc:subfield code="3">LWDEP.SCHENK.0824</marc:subfield></marc:datafield><marc:datafield tag="650" ind1=" " ind2="0"><marc:subfield code="a">Intellectuals</marc:subfield><marc:subfield code="v">Congresses.</marc:subfield><marc:subfield code="x">History</marc:subfield><marc:subfield code="z">France</marc:subfield></marc:datafield><marc:datafield tag="650" ind1=" " ind2="0"><marc:subfield code="a">Intellectuals</marc:subfield><marc:subfield code="v">Congresses.</marc:subfield><marc:subfield code="x">History</marc:subfield><marc:subfield code="z">Hungary</marc:subfield></marc:datafield><marc:datafield tag="650" ind1=" " ind2="0"><marc:subfield code="a">Public opinion</marc:subfield><marc:subfield code="v">Congresses.</marc:subfield><marc:subfield code="x">History</marc:subfield><marc:subfield code="z">France</marc:subfield></marc:datafield><marc:datafield tag="651" ind1=" " ind2="0"><marc:subfield code="a">France</marc:subfield><marc:subfield code="v">Congresses</marc:subfield><marc:subfield code="x">Intellectual life</marc:subfield></marc:datafield><marc:datafield tag="651" ind1=" " ind2="0"><marc:subfield code="a">Hungary</marc:subfield><marc:subfield code="v">Congresses.</marc:subfield><marc:subfield code="x">Foreign public opinion, French</marc:subfield><marc:subfield code="x">History</marc:subfield></marc:datafield><marc:datafield tag="651" ind1=" " ind2="0"><marc:subfield code="a">Hungary</marc:subfield><marc:subfield code="v">Congresses.</marc:subfield><marc:subfield code="x">Intellectual life</marc:subfield></marc:datafield><marc:datafield tag="655" ind1=" " ind2="7"><marc:subfield code="a">Conference papers and proceedings.</marc:subfield><marc:subfield code="2">fast</marc:subfield></marc:datafield><marc:datafield tag="655" ind1=" " ind2="7"><marc:subfield code="a">History.</marc:subfield><marc:subfield code="2">fast</marc:subfield></marc:datafield><marc:datafield tag="700" ind1="1" ind2=" "><marc:subfield code="a">Le Goff, Jacques,</marc:subfield><marc:subfield code="d">1924-2014</marc:subfield><marc:subfield code="0">(viaf)4932369</marc:subfield></marc:datafield><marc:datafield tag="700" ind1="1" ind2=" "><marc:subfield code="a">Köpeczi, Béla,</marc:subfield><marc:subfield code="d">1921-2010</marc:subfield><marc:subfield code="0">(viaf)85933124</marc:subfield></marc:datafield><marc:datafield tag="711" ind1="2" ind2=" "><marc:subfield code="a">Colloque franco-hongrois d&apos;histoire sociale</marc:subfield><marc:subfield code="c">Mátrafüred, Hungary</marc:subfield><marc:subfield code="d">1980 :</marc:subfield></marc:datafield><marc:datafield tag="920" ind1=" " ind2=" "><marc:subfield code="a">book</marc:subfield></marc:datafield></marc:record>