<marc:record><marc:leader>00910nam a2200229 u 4500</marc:leader><marc:controlfield tag="005">20250924101447.0</marc:controlfield><marc:controlfield tag="008">190404s2018    be     |r|   |000 ||dut|d</marc:controlfield><marc:controlfield tag="001">990036752580409161</marc:controlfield><marc:datafield tag="SID" ind1=" " ind2=" "><marc:subfield code="a">Z39</marc:subfield><marc:subfield code="b">32KUL_LIBIS_NETWORK</marc:subfield></marc:datafield><marc:datafield tag="020" ind1=" " ind2=" "><marc:subfield code="a">9789080220898</marc:subfield></marc:datafield><marc:datafield tag="035" ind1=" " ind2=" "><marc:subfield code="a">(RUG01)003675258</marc:subfield></marc:datafield><marc:datafield tag="035" ind1=" " ind2=" "><marc:subfield code="a">(BeLVLBS)9992735308801471</marc:subfield></marc:datafield><marc:datafield tag="040" ind1=" " ind2=" "><marc:subfield code="a">BeLVLBS</marc:subfield><marc:subfield code="b">Language of cataloging varies</marc:subfield><marc:subfield code="e">rda based</marc:subfield></marc:datafield><marc:datafield tag="245" ind1="0" ind2="0"><marc:subfield code="a">Limburg tussen staf en troon :</marc:subfield><marc:subfield code="b">duizend jaar graafschap Loon : wandelcataloog /</marc:subfield><marc:subfield code="c">red. Jan Vaes.</marc:subfield></marc:datafield><marc:datafield tag="260" ind1=" " ind2=" "><marc:subfield code="a">Hasselt :</marc:subfield><marc:subfield code="b">Alden Biesen,</marc:subfield><marc:subfield code="c">2018.</marc:subfield></marc:datafield><marc:datafield tag="264" ind1=" " ind2="1"><marc:subfield code="a">Hasselt :</marc:subfield><marc:subfield code="b">Alden Biesen,</marc:subfield><marc:subfield code="c">2018.</marc:subfield></marc:datafield><marc:datafield tag="300" ind1=" " ind2=" "><marc:subfield code="a">125 p. :</marc:subfield><marc:subfield code="b">ill.</marc:subfield></marc:datafield><marc:datafield tag="518" ind1=" " ind2=" "><marc:subfield code="d">26/10/2018-10/03/2019</marc:subfield><marc:subfield code="o">Tentoonstelling</marc:subfield><marc:subfield code="p">Alden Biesen. Landcommanderij</marc:subfield></marc:datafield><marc:datafield tag="541" ind1=" " ind2=" "><marc:subfield code="a">De Ridder-Symoens, Hilde</marc:subfield><marc:subfield code="c">Schenking</marc:subfield><marc:subfield code="d">16/03/2023</marc:subfield><marc:subfield code="3">LWBIB.L04.AN.01.C.D.0032</marc:subfield></marc:datafield><marc:datafield tag="700" ind1="1" ind2=" "><marc:subfield code="a">Vaes, Jan,</marc:subfield><marc:subfield code="d">1953-</marc:subfield><marc:subfield code="0">(viaf)289971339</marc:subfield></marc:datafield><marc:datafield tag="711" ind1="2" ind2=" "><marc:subfield code="a">Tentoonstelling. Landcommanderij Alden Biesen</marc:subfield><marc:subfield code="e">other</marc:subfield></marc:datafield><marc:datafield tag="920" ind1=" " ind2=" "><marc:subfield code="a">catalog</marc:subfield></marc:datafield></marc:record>