<marc:record><marc:leader>00724nam a2200205 a 4500</marc:leader><marc:controlfield tag="005">20250918232114.0</marc:controlfield><marc:controlfield tag="008">250729s2011    be |||||r|||||||| ||fre|d</marc:controlfield><marc:controlfield tag="001">990036752560409161</marc:controlfield><marc:datafield tag="020" ind1=" " ind2=" "><marc:subfield code="a">9782930495132</marc:subfield></marc:datafield><marc:datafield tag="035" ind1=" " ind2=" "><marc:subfield code="a">(RUG01)003675256</marc:subfield></marc:datafield><marc:datafield tag="040" ind1=" " ind2=" "><marc:subfield code="a">BE-GnUNI</marc:subfield></marc:datafield><marc:datafield tag="050" ind1=" " ind2="4"><marc:subfield code="a">N5310</marc:subfield><marc:subfield code="b">.M35 2011</marc:subfield></marc:datafield><marc:datafield tag="100" ind1="1" ind2=" "><marc:subfield code="a">Man-Estier, Elena,</marc:subfield><marc:subfield code="d">....-</marc:subfield><marc:subfield code="0">(viaf)102663177</marc:subfield></marc:datafield><marc:datafield tag="245" ind1="1" ind2="4"><marc:subfield code="a">Les ursidés au naturel et au figuré pendant la préhistoire /</marc:subfield><marc:subfield code="c">Elena Man-Estier.</marc:subfield></marc:datafield><marc:datafield tag="260" ind1=" " ind2=" "><marc:subfield code="a">Liège :</marc:subfield><marc:subfield code="b">Université de Liège. Service de préhistoire,</marc:subfield><marc:subfield code="c">2011.</marc:subfield></marc:datafield><marc:datafield tag="300" ind1=" " ind2=" "><marc:subfield code="a">125 p.: ill. + CD-ROM.</marc:subfield></marc:datafield><marc:datafield tag="490" ind1="0" ind2=" "><marc:subfield code="a">ÉRAUL : études et recherches archéologiques de l&apos;Université de Liège ;</marc:subfield><marc:subfield code="v">127</marc:subfield></marc:datafield><marc:datafield tag="650" ind1=" " ind2="0"><marc:subfield code="a">Art, Prehistoric</marc:subfield></marc:datafield><marc:datafield tag="650" ind1=" " ind2="0"><marc:subfield code="a">Bears in art</marc:subfield></marc:datafield><marc:datafield tag="920" ind1=" " ind2=" "><marc:subfield code="a">book</marc:subfield></marc:datafield></marc:record>