<marc:record><marc:leader>03229cgm a22005897i 4500</marc:leader><marc:controlfield tag="005">20250918120637.0</marc:controlfield><marc:controlfield tag="008">131212s2013    sa 110 |     |#   vlafr|d</marc:controlfield><marc:controlfield tag="001">990036752530409161</marc:controlfield><marc:datafield tag="028" ind1="4" ind2="2"><marc:subfield code="a">NF13010DVD</marc:subfield><marc:subfield code="b">Karoo Film Company</marc:subfield></marc:datafield><marc:datafield tag="035" ind1=" " ind2=" "><marc:subfield code="a">(RUG01)003675253</marc:subfield></marc:datafield><marc:datafield tag="035" ind1=" " ind2=" "><marc:subfield code="a">(OCoLC)931753853</marc:subfield></marc:datafield><marc:datafield tag="040" ind1=" " ind2=" "><marc:subfield code="a">EEM</marc:subfield><marc:subfield code="b">eng</marc:subfield><marc:subfield code="c">EEM</marc:subfield><marc:subfield code="d">OCLCO</marc:subfield><marc:subfield code="d">OCLCQ</marc:subfield><marc:subfield code="d">OCLCA</marc:subfield><marc:subfield code="d">OCLCF</marc:subfield><marc:subfield code="d">OCLCO</marc:subfield><marc:subfield code="d">HUL</marc:subfield><marc:subfield code="d">OCLCO</marc:subfield><marc:subfield code="d">OCLCL</marc:subfield></marc:datafield><marc:datafield tag="041" ind1="0" ind2=" "><marc:subfield code="a">afr</marc:subfield><marc:subfield code="a">eng</marc:subfield></marc:datafield><marc:datafield tag="043" ind1=" " ind2=" "><marc:subfield code="a">f-sa---</marc:subfield></marc:datafield><marc:datafield tag="050" ind1="1" ind2="4"><marc:subfield code="a">PN1995.9.M27</marc:subfield><marc:subfield code="b">L337 Region 2 VideoDVD</marc:subfield></marc:datafield><marc:datafield tag="082" ind1="0" ind2="4"><marc:subfield code="a">791.4372</marc:subfield><marc:subfield code="2">23</marc:subfield></marc:datafield><marc:datafield tag="245" ind1="0" ind2="4"><marc:subfield code="a">Die laaste tango /</marc:subfield><marc:subfield code="c">&apos;n film deur Deon Meyer ; written and directed by Deon Meyer.</marc:subfield></marc:datafield><marc:datafield tag="260" ind1=" " ind2=" "><marc:subfield code="a">Johannesburg :</marc:subfield><marc:subfield code="b">Karoo Film Co.,</marc:subfield><marc:subfield code="c">2013.</marc:subfield></marc:datafield><marc:datafield tag="300" ind1=" " ind2=" "><marc:subfield code="a">1 DVD (110 min.) :</marc:subfield><marc:subfield code="b">sound, color ;</marc:subfield><marc:subfield code="c">4 3/4 in.</marc:subfield></marc:datafield><marc:datafield tag="508" ind1=" " ind2=" "><marc:subfield code="a">Director: Deon Meyer ; screenplay: Deon Meyer ; music: Geo Hoehn, Karien de Waal, Anton Goosen, Lize Beek ; cinematography: William Collinson ; editor: Ronelle Loots.</marc:subfield></marc:datafield><marc:datafield tag="511" ind1="1" ind2=" "><marc:subfield code="a">Louw Venter, Antoinette Louw, Marius Weyers, Stian Bam, Illse Oppelt, Heino Schmidtt.</marc:subfield></marc:datafield><marc:datafield tag="520" ind1=" " ind2=" "><marc:subfield code="a">&quot;The story revolves around a 34-year old, workaholic detective who is burnt out, having immersed himself in an investigation involving the ruthless murder of nine girls. He managed to capture the killer, but his emotions get the better of him, possibly jeopardising the trial. His boss sends him away to cool down, and he ends up in a small town in the middle of the Karoo. Here, he meets a passionate and beautiful woman who is dying of cancer. His only goal is to fight boredom until he is allowed to resume his detective duties, while her dying wish is to dance one last tango before her life is over. He reluctantly agrees to help her fulfill her dream, and in so doing so, realises his own need for healing and inner peace. While they fall in love, the murderer wakes from his sedation and puts his plan for revenge into motion. In Afrikaans language with English subtitles.&quot;</marc:subfield></marc:datafield><marc:datafield tag="538" ind1=" " ind2=" "><marc:subfield code="a">DVD; letterbox version 16 x 9 ; Dolby digital ; region 2.</marc:subfield></marc:datafield><marc:datafield tag="541" ind1=" " ind2=" "><marc:subfield code="3">LWBIB.L30.AFR.DVD.0110</marc:subfield><marc:subfield code="c">Schenking</marc:subfield><marc:subfield code="a">Olivier, Fanie</marc:subfield><marc:subfield code="d">03/04/2019</marc:subfield></marc:datafield><marc:datafield tag="546" ind1=" " ind2=" "><marc:subfield code="a">Afrikaans language with English subtitles.</marc:subfield></marc:datafield><marc:datafield tag="650" ind1=" " ind2="0"><marc:subfield code="a">Crime</marc:subfield><marc:subfield code="z">South Africa</marc:subfield><marc:subfield code="v">Drama.</marc:subfield></marc:datafield><marc:datafield tag="650" ind1=" " ind2="0"><marc:subfield code="a">Detective and mystery plays</marc:subfield></marc:datafield><marc:datafield tag="650" ind1=" " ind2="0"><marc:subfield code="a">Man-woman relationships</marc:subfield><marc:subfield code="v">Drama</marc:subfield></marc:datafield><marc:datafield tag="650" ind1=" " ind2="0"><marc:subfield code="a">Police</marc:subfield><marc:subfield code="z">South Africa</marc:subfield><marc:subfield code="v">Drama.</marc:subfield></marc:datafield><marc:datafield tag="650" ind1=" " ind2="0"><marc:subfield code="a">Serial murderers</marc:subfield><marc:subfield code="z">South Africa</marc:subfield><marc:subfield code="v">Drama.</marc:subfield></marc:datafield><marc:datafield tag="650" ind1=" " ind2="0"><marc:subfield code="a">Tango (Dance) in motion pictures</marc:subfield></marc:datafield><marc:datafield tag="650" ind1=" " ind2="7"><marc:subfield code="a">Crime.</marc:subfield><marc:subfield code="2">fast</marc:subfield></marc:datafield><marc:datafield tag="650" ind1=" " ind2="7"><marc:subfield code="a">Detective and mystery plays.</marc:subfield><marc:subfield code="2">fast</marc:subfield></marc:datafield><marc:datafield tag="650" ind1=" " ind2="7"><marc:subfield code="a">Man-woman relationships.</marc:subfield><marc:subfield code="2">fast</marc:subfield></marc:datafield><marc:datafield tag="650" ind1=" " ind2="7"><marc:subfield code="a">Police.</marc:subfield><marc:subfield code="2">fast</marc:subfield></marc:datafield><marc:datafield tag="650" ind1=" " ind2="7"><marc:subfield code="a">Serial murderers.</marc:subfield><marc:subfield code="2">fast</marc:subfield></marc:datafield><marc:datafield tag="650" ind1=" " ind2="7"><marc:subfield code="a">Tango (Dance) in motion pictures.</marc:subfield><marc:subfield code="2">fast</marc:subfield></marc:datafield><marc:datafield tag="651" ind1=" " ind2="0"><marc:subfield code="a">Karoo (South Africa)</marc:subfield><marc:subfield code="v">Drama.</marc:subfield></marc:datafield><marc:datafield tag="651" ind1=" " ind2="0"><marc:subfield code="a">Loxton (South Africa)</marc:subfield><marc:subfield code="v">Drama.</marc:subfield></marc:datafield><marc:datafield tag="651" ind1=" " ind2="7"><marc:subfield code="a">South Africa</marc:subfield><marc:subfield code="2">fast</marc:subfield></marc:datafield><marc:datafield tag="651" ind1=" " ind2="7"><marc:subfield code="a">South Africa</marc:subfield><marc:subfield code="z">Karoo</marc:subfield><marc:subfield code="2">fast</marc:subfield></marc:datafield><marc:datafield tag="655" ind1=" " ind2="7"><marc:subfield code="a">Drama.</marc:subfield><marc:subfield code="2">fast</marc:subfield></marc:datafield><marc:datafield tag="655" ind1=" " ind2="7"><marc:subfield code="a">Feature films.</marc:subfield><marc:subfield code="2">fast</marc:subfield></marc:datafield><marc:datafield tag="655" ind1=" " ind2="7"><marc:subfield code="a">Feature films.</marc:subfield><marc:subfield code="2">lcgft</marc:subfield></marc:datafield><marc:datafield tag="710" ind1="2" ind2=" "><marc:subfield code="a">Karoo Film Company (South Africa)</marc:subfield></marc:datafield><marc:datafield tag="710" ind1="2" ind2=" "><marc:subfield code="a">Nu Metro Home Entertainment (Firm)</marc:subfield></marc:datafield><marc:datafield tag="700" ind1="1" ind2=" "><marc:subfield code="a">Meyer, Deon,</marc:subfield><marc:subfield code="d">....-</marc:subfield><marc:subfield code="0">(viaf)</marc:subfield></marc:datafield><marc:datafield tag="700" ind1="1" ind2=" "><marc:subfield code="a">Venter, Louw,</marc:subfield><marc:subfield code="d">....-</marc:subfield><marc:subfield code="0">(viaf)</marc:subfield></marc:datafield><marc:datafield tag="700" ind1="1" ind2=" "><marc:subfield code="a">Louw, Antoinette,</marc:subfield><marc:subfield code="d">....-</marc:subfield><marc:subfield code="0">(viaf)</marc:subfield></marc:datafield><marc:datafield tag="700" ind1="1" ind2=" "><marc:subfield code="a">Weyers, Marius,</marc:subfield><marc:subfield code="d">....-</marc:subfield><marc:subfield code="0">(viaf)</marc:subfield></marc:datafield><marc:datafield tag="920" ind1=" " ind2=" "><marc:subfield code="a">multimedia</marc:subfield></marc:datafield><marc:datafield tag="SID" ind1=" " ind2=" "><marc:subfield code="a">Z39</marc:subfield><marc:subfield code="b">01HVD_INST</marc:subfield></marc:datafield></marc:record>