<marc:record><marc:leader>00954nam a2200229 a 4500</marc:leader><marc:controlfield tag="005">20250918232115.0</marc:controlfield><marc:controlfield tag="008">250729s2010    be |||||r|||||||| ||eng|d</marc:controlfield><marc:controlfield tag="001">990036752510409161</marc:controlfield><marc:datafield tag="020" ind1=" " ind2=" "><marc:subfield code="a">9782930495095</marc:subfield></marc:datafield><marc:datafield tag="035" ind1=" " ind2=" "><marc:subfield code="a">(RUG01)003675251</marc:subfield></marc:datafield><marc:datafield tag="040" ind1=" " ind2=" "><marc:subfield code="a">BE-GnUNI</marc:subfield></marc:datafield><marc:datafield tag="050" ind1=" " ind2="4"><marc:subfield code="a">GN845.R8</marc:subfield><marc:subfield code="b">D63 2010</marc:subfield></marc:datafield><marc:datafield tag="100" ind1="1" ind2=" "><marc:subfield code="a">Doboş, Adrian,</marc:subfield><marc:subfield code="d">....-</marc:subfield><marc:subfield code="0">(viaf)169525221</marc:subfield></marc:datafield><marc:datafield tag="245" ind1="1" ind2="4"><marc:subfield code="a">The prehistory and paleontology of the Peştera Muierii (Romania) /</marc:subfield><marc:subfield code="c">Adrian Doboş, Andrei Soficaru &amp; Eric Trinkaus.</marc:subfield></marc:datafield><marc:datafield tag="260" ind1=" " ind2=" "><marc:subfield code="a">Liège :</marc:subfield><marc:subfield code="b">Université de Liège. Service de préhistoire,</marc:subfield><marc:subfield code="c">2010.</marc:subfield></marc:datafield><marc:datafield tag="300" ind1=" " ind2=" "><marc:subfield code="a">127 p.: ill.</marc:subfield></marc:datafield><marc:datafield tag="490" ind1="0" ind2=" "><marc:subfield code="a">ÉRAUL : études et recherches archéologiques de l&apos;Université de Liège ;</marc:subfield><marc:subfield code="v">124</marc:subfield></marc:datafield><marc:datafield tag="650" ind1=" " ind2="0"><marc:subfield code="a">Excavations (Archaeology)</marc:subfield><marc:subfield code="z">Romania</marc:subfield><marc:subfield code="z">Women&apos;s Cave.</marc:subfield></marc:datafield><marc:datafield tag="650" ind1=" " ind2="0"><marc:subfield code="a">Paleolithic period</marc:subfield><marc:subfield code="z">Romania</marc:subfield><marc:subfield code="z">Women&apos;s Cave.</marc:subfield></marc:datafield><marc:datafield tag="700" ind1="1" ind2=" "><marc:subfield code="a">Soficaru, Andrei,</marc:subfield><marc:subfield code="d">1975-</marc:subfield><marc:subfield code="0">(viaf)3466150033035111180000</marc:subfield></marc:datafield><marc:datafield tag="700" ind1="1" ind2=" "><marc:subfield code="a">Trinkaus, Erik,</marc:subfield><marc:subfield code="d">1948-</marc:subfield><marc:subfield code="0">(viaf)59171436</marc:subfield></marc:datafield><marc:datafield tag="920" ind1=" " ind2=" "><marc:subfield code="a">book</marc:subfield></marc:datafield></marc:record>