<marc:record><marc:leader>02584cam a2200337 i 4500</marc:leader><marc:controlfield tag="005">20250924120547.0</marc:controlfield><marc:controlfield tag="008">190718s2020    enk    |rb   |001 ||eng||</marc:controlfield><marc:controlfield tag="001">990036752480409161</marc:controlfield><marc:datafield tag="SID" ind1=" " ind2=" "><marc:subfield code="a">Z39</marc:subfield><marc:subfield code="b">LOC</marc:subfield></marc:datafield><marc:datafield tag="010" ind1=" " ind2=" "><marc:subfield code="a">2019029783</marc:subfield></marc:datafield><marc:datafield tag="020" ind1=" " ind2=" "><marc:subfield code="a">9781138367494</marc:subfield><marc:subfield code="q">(hardback)</marc:subfield></marc:datafield><marc:datafield tag="020" ind1=" " ind2=" "><marc:subfield code="a">9781138367500</marc:subfield><marc:subfield code="q">(paperback)</marc:subfield></marc:datafield><marc:datafield tag="020" ind1=" " ind2=" "><marc:subfield code="q">(ebook)</marc:subfield><marc:subfield code="z">9780429429774</marc:subfield></marc:datafield><marc:datafield tag="035" ind1=" " ind2=" "><marc:subfield code="a">(RUG01)003675248</marc:subfield></marc:datafield><marc:datafield tag="035" ind1=" " ind2=" "><marc:subfield code="a">21090769</marc:subfield></marc:datafield><marc:datafield tag="040" ind1=" " ind2=" "><marc:subfield code="a">DLC</marc:subfield><marc:subfield code="b">eng</marc:subfield><marc:subfield code="c">DLC</marc:subfield><marc:subfield code="d">DLC</marc:subfield><marc:subfield code="e">rda</marc:subfield></marc:datafield><marc:datafield tag="042" ind1=" " ind2=" "><marc:subfield code="a">pcc</marc:subfield></marc:datafield><marc:datafield tag="043" ind1=" " ind2=" "><marc:subfield code="a">e-it---</marc:subfield></marc:datafield><marc:datafield tag="050" ind1="0" ind2="0"><marc:subfield code="a">PQ4183.L4</marc:subfield><marc:subfield code="b">R46 2020</marc:subfield></marc:datafield><marc:datafield tag="082" ind1="0" ind2="0"><marc:subfield code="a">856/.2</marc:subfield><marc:subfield code="2">23</marc:subfield></marc:datafield><marc:datafield tag="245" ind1="0" ind2="4"><marc:subfield code="a">The Renaissance of letters :</marc:subfield><marc:subfield code="b">knowledge and community in Italy, 1300-1650 /</marc:subfield><marc:subfield code="c">edited by Paula Findlen and Suzanne Sutherland.</marc:subfield></marc:datafield><marc:datafield tag="264" ind1=" " ind2="1"><marc:subfield code="a">London :</marc:subfield><marc:subfield code="b">Routledge,</marc:subfield><marc:subfield code="c">2020.</marc:subfield></marc:datafield><marc:datafield tag="300" ind1=" " ind2=" "><marc:subfield code="a">XVII, 338 p. ;</marc:subfield><marc:subfield code="c">24 cm.</marc:subfield></marc:datafield><marc:datafield tag="504" ind1=" " ind2=" "><marc:subfield code="a">Includes bibliographical references and index.</marc:subfield></marc:datafield><marc:datafield tag="520" ind1=" " ind2=" "><marc:subfield code="a">&quot;The Renaissance of Letters traces the multiplication of letter-writing practices between the fourteenth and seventeenth centuries in the Italian peninsula and beyond to explore the importance of letters as a crucial document for understanding the Italian Renaissance. This edited collection contains case studies, ranging from the late medieval re-emergence of letter-writing to the mid-seventeenth century, that offer a comprehensive analysis of the different dimensions of late medieval and Renaissance letters-literary, commercial, political, religious, cultural, social, and military-which transformed them into powerful early modern tools. The Renaissance was an era that put letters into the hands of many kinds of people, inspiring them to see reading, writing, receiving, and sending letters as an essential feature of their identity. The authors take a fresh look at the correspondence of some of the most important humanists of the Italian Renaissance, including Machiavelli and Castiglione, and consider the use of letters for women such as the poet and natural philosopher, Margherita Sarrocchi. This book is essential reading for scholars and students of Early Modern History, Renaissance Studies and Italian Studies. The engagement with essential primary sources renders this book as an indispensable tool for those teaching seminars on Renaissance history and literature&quot;</marc:subfield></marc:datafield><marc:datafield tag="541" ind1=" " ind2=" "><marc:subfield code="a">De Ridder-Symoens, Hilde</marc:subfield><marc:subfield code="c">Schenking</marc:subfield><marc:subfield code="d">16/03/2023</marc:subfield><marc:subfield code="3">LWBIB.L06.NT.03.E.A.0307</marc:subfield></marc:datafield><marc:datafield tag="650" ind1=" " ind2="0"><marc:subfield code="a">Italian letters</marc:subfield><marc:subfield code="x">History and criticism.</marc:subfield><marc:subfield code="y">Early modern, 1500-1700</marc:subfield></marc:datafield><marc:datafield tag="650" ind1=" " ind2="0"><marc:subfield code="a">Letter writing, Italian</marc:subfield><marc:subfield code="x">History.</marc:subfield></marc:datafield><marc:datafield tag="700" ind1="1" ind2=" "><marc:subfield code="a">Sutherland, Suzanne,</marc:subfield><marc:subfield code="d">1987-</marc:subfield><marc:subfield code="0">(viaf)14156495280617560268</marc:subfield><marc:subfield code="4">edt</marc:subfield></marc:datafield><marc:datafield tag="700" ind1="1" ind2=" "><marc:subfield code="a">Findlen, Paula,</marc:subfield><marc:subfield code="d">1964-</marc:subfield><marc:subfield code="0">(viaf)9957596</marc:subfield></marc:datafield><marc:datafield tag="920" ind1=" " ind2=" "><marc:subfield code="a">book</marc:subfield></marc:datafield></marc:record>