<marc:record><marc:leader>00923nam a2200205 a 4500</marc:leader><marc:controlfield tag="005">20250924104137.0</marc:controlfield><marc:controlfield tag="008">250728|1996||||xx |||||r|||||||| ||dut|d</marc:controlfield><marc:controlfield tag="001">990036752460409161</marc:controlfield><marc:datafield tag="020" ind1=" " ind2=" "><marc:subfield code="a">9789055464012</marc:subfield></marc:datafield><marc:datafield tag="035" ind1=" " ind2=" "><marc:subfield code="a">(RUG01)003675246</marc:subfield></marc:datafield><marc:datafield tag="040" ind1=" " ind2=" "><marc:subfield code="a">BE-GnUNI</marc:subfield></marc:datafield><marc:datafield tag="100" ind1="1" ind2=" "><marc:subfield code="a">Jansen, Hubertus Petrus Henricus,</marc:subfield><marc:subfield code="d">1928-1985</marc:subfield><marc:subfield code="0">(viaf)56736317</marc:subfield></marc:datafield><marc:datafield tag="245" ind1="1" ind2="0"><marc:subfield code="a">Nassau en Oranje in de Nederlandse geschiedenis /</marc:subfield><marc:subfield code="c">H.P.H. Jansen, K.W. Swart, A.Th. van Deursen, J.J. Poelhekke, D.J. Roorda, G.J. Schutte, J.A. Bornewasser, C.A. Tamse, A.F. Manning, O. Schutte ; redactie C.A. Tamse.</marc:subfield></marc:datafield><marc:datafield tag="260" ind1=" " ind2=" "><marc:subfield code="a">Utrecht :</marc:subfield><marc:subfield code="b">Scheffers,</marc:subfield><marc:subfield code="c">1996.</marc:subfield></marc:datafield><marc:datafield tag="300" ind1=" " ind2=" "><marc:subfield code="a">444 p.</marc:subfield></marc:datafield><marc:datafield tag="500" ind1=" " ind2=" "><marc:subfield code="a">Met ex libris van Hilde Symoens</marc:subfield><marc:subfield code="3">LWBIB.L06.NT.05.D.A.C.0177</marc:subfield></marc:datafield><marc:datafield tag="500" ind1=" " ind2=" "><marc:subfield code="a">Orig. publ.: Alphen aan den Rijn : Sijthoff, 1979</marc:subfield></marc:datafield><marc:datafield tag="541" ind1=" " ind2=" "><marc:subfield code="a">De Ridder-Symoens, Hilde</marc:subfield><marc:subfield code="c">Schenking</marc:subfield><marc:subfield code="d">16/03/2023</marc:subfield><marc:subfield code="3">LWBIB.L06.NT.05.D.A.C.0177</marc:subfield></marc:datafield><marc:datafield tag="700" ind1="1" ind2=" "><marc:subfield code="a">Tamse, Coenraad Arnold,</marc:subfield><marc:subfield code="d">1937-</marc:subfield><marc:subfield code="0">(viaf)7409775</marc:subfield></marc:datafield><marc:datafield tag="920" ind1=" " ind2=" "><marc:subfield code="a">book</marc:subfield></marc:datafield></marc:record>