<marc:record><marc:leader>01438nam a2200313 a 4500</marc:leader><marc:controlfield tag="005">20250918232110.0</marc:controlfield><marc:controlfield tag="008">250728s2010    be |||||r|||||||| ||fre|d</marc:controlfield><marc:controlfield tag="001">990036752450409161</marc:controlfield><marc:datafield tag="020" ind1=" " ind2=" "><marc:subfield code="a">9782930495088</marc:subfield></marc:datafield><marc:datafield tag="035" ind1=" " ind2=" "><marc:subfield code="a">(RUG01)003675245</marc:subfield></marc:datafield><marc:datafield tag="040" ind1=" " ind2=" "><marc:subfield code="a">BE-GnUNI</marc:subfield></marc:datafield><marc:datafield tag="041" ind1="0" ind2=" "><marc:subfield code="a">fre</marc:subfield><marc:subfield code="b">fre</marc:subfield><marc:subfield code="b">eng</marc:subfield></marc:datafield><marc:datafield tag="050" ind1=" " ind2="4"><marc:subfield code="a">GN776.22.F7</marc:subfield><marc:subfield code="b">S47 2010</marc:subfield></marc:datafield><marc:datafield tag="050" ind1=" " ind2="4"><marc:subfield code="a">GN772.22.F8</marc:subfield><marc:subfield code="b">S479 2010</marc:subfield></marc:datafield><marc:datafield tag="245" ind1="0" ind2="4"><marc:subfield code="a">Les sepultures collectives du néolithique récent-final de Val-de-Reuil et Porte-Joie (Eure-France) :</marc:subfield><marc:subfield code="b">en hommage à Francis Houët /</marc:subfield><marc:subfield code="c">sous la direction de Cyrille Billard, Mark Guillon &amp; Guy Verron; avec la collaboration de Rose-Marie Arbogast; avec les contributions de Valerie Beugnier.</marc:subfield></marc:datafield><marc:datafield tag="260" ind1=" " ind2=" "><marc:subfield code="a">Liège :</marc:subfield><marc:subfield code="b">Université de Liège. Service de préhistoire,</marc:subfield><marc:subfield code="c">2010.</marc:subfield></marc:datafield><marc:datafield tag="300" ind1=" " ind2=" "><marc:subfield code="a">409 p.: ill.</marc:subfield></marc:datafield><marc:datafield tag="490" ind1="0" ind2=" "><marc:subfield code="a">ÉRAUL : études et recherches archéologiques de l&apos;Université de Liège ;</marc:subfield><marc:subfield code="v">123</marc:subfield></marc:datafield><marc:datafield tag="546" ind1=" " ind2=" "><marc:subfield code="a">Met samenvatting in het Frans en Engels</marc:subfield></marc:datafield><marc:datafield tag="650" ind1=" " ind2="0"><marc:subfield code="a">Cemeteries</marc:subfield><marc:subfield code="z">France</marc:subfield><marc:subfield code="z">Eure.</marc:subfield></marc:datafield><marc:datafield tag="650" ind1=" " ind2="0"><marc:subfield code="a">Excavations (Archaeology)</marc:subfield><marc:subfield code="z">France</marc:subfield><marc:subfield code="z">Eure.</marc:subfield></marc:datafield><marc:datafield tag="650" ind1=" " ind2="0"><marc:subfield code="a">Neolithic period</marc:subfield><marc:subfield code="z">France</marc:subfield><marc:subfield code="z">Eure.</marc:subfield></marc:datafield><marc:datafield tag="700" ind1="1" ind2=" "><marc:subfield code="a">Billard, Cyrille,</marc:subfield><marc:subfield code="d">1963-</marc:subfield><marc:subfield code="0">(viaf)41953954</marc:subfield></marc:datafield><marc:datafield tag="700" ind1="1" ind2=" "><marc:subfield code="a">Guillon, Mark,</marc:subfield><marc:subfield code="d">....-</marc:subfield><marc:subfield code="0">(viaf)168072384</marc:subfield></marc:datafield><marc:datafield tag="700" ind1="1" ind2=" "><marc:subfield code="a">Verron, Guy,</marc:subfield><marc:subfield code="d">1940-</marc:subfield><marc:subfield code="0">(viaf)34579504</marc:subfield></marc:datafield><marc:datafield tag="700" ind1="1" ind2=" "><marc:subfield code="a">Houët, Francis,</marc:subfield><marc:subfield code="d">....-</marc:subfield><marc:subfield code="0">(viaf)5670159248639404870009</marc:subfield><marc:subfield code="4">hnr</marc:subfield></marc:datafield><marc:datafield tag="700" ind1="1" ind2=" "><marc:subfield code="a">Arbogast, Rose-Marie,</marc:subfield><marc:subfield code="d">....-</marc:subfield><marc:subfield code="0">(viaf)109923453</marc:subfield></marc:datafield><marc:datafield tag="700" ind1="1" ind2=" "><marc:subfield code="a">Beugnier, Valérie,</marc:subfield><marc:subfield code="d">....-</marc:subfield><marc:subfield code="0">(viaf)33987209</marc:subfield></marc:datafield><marc:datafield tag="920" ind1=" " ind2=" "><marc:subfield code="a">book</marc:subfield></marc:datafield></marc:record>