<marc:record><marc:leader>00867nam a2200229 a 4500</marc:leader><marc:controlfield tag="005">20250918232115.0</marc:controlfield><marc:controlfield tag="008">250728s2009    be |||||r|||||||| ||fre|d</marc:controlfield><marc:controlfield tag="001">990036752420409161</marc:controlfield><marc:datafield tag="020" ind1=" " ind2=" "><marc:subfield code="a">9782930495071</marc:subfield></marc:datafield><marc:datafield tag="035" ind1=" " ind2=" "><marc:subfield code="a">(RUG01)003675242</marc:subfield></marc:datafield><marc:datafield tag="040" ind1=" " ind2=" "><marc:subfield code="a">BE-GnUNI</marc:subfield></marc:datafield><marc:datafield tag="050" ind1=" " ind2="4"><marc:subfield code="a">GN812.V37</marc:subfield><marc:subfield code="b">H38 2009</marc:subfield></marc:datafield><marc:datafield tag="100" ind1="1" ind2=" "><marc:subfield code="a">Hameau, Philippe,</marc:subfield><marc:subfield code="d">1957-</marc:subfield><marc:subfield code="0">(viaf)76353001</marc:subfield></marc:datafield><marc:datafield tag="245" ind1="1" ind2="0"><marc:subfield code="a">Peintures et gravures schématiques à la Bergerie des Maigres :</marc:subfield><marc:subfield code="b">la longue tradition graphique /</marc:subfield><marc:subfield code="c">Philippe Hameau.</marc:subfield></marc:datafield><marc:datafield tag="260" ind1=" " ind2=" "><marc:subfield code="a">Liège :</marc:subfield><marc:subfield code="b">Université de Liège. Service de préhistoire,</marc:subfield><marc:subfield code="c">2009.</marc:subfield></marc:datafield><marc:datafield tag="300" ind1=" " ind2=" "><marc:subfield code="a">111 p.: ill.</marc:subfield></marc:datafield><marc:datafield tag="490" ind1="0" ind2=" "><marc:subfield code="a">ÉRAUL : études et recherches archéologiques de l&apos;Université de Liège ;</marc:subfield><marc:subfield code="v">122</marc:subfield></marc:datafield><marc:datafield tag="650" ind1=" " ind2="0"><marc:subfield code="a">Art, Prehistoric</marc:subfield><marc:subfield code="z">France</marc:subfield><marc:subfield code="z">Var.</marc:subfield></marc:datafield><marc:datafield tag="650" ind1=" " ind2="0"><marc:subfield code="a">Cave paintings</marc:subfield><marc:subfield code="z">France</marc:subfield><marc:subfield code="z">Var.</marc:subfield></marc:datafield><marc:datafield tag="650" ind1=" " ind2="0"><marc:subfield code="a">Neolithic period</marc:subfield><marc:subfield code="z">France</marc:subfield><marc:subfield code="z">Var.</marc:subfield></marc:datafield><marc:datafield tag="650" ind1=" " ind2="0"><marc:subfield code="a">Petroglyphs</marc:subfield><marc:subfield code="z">France</marc:subfield><marc:subfield code="z">Var.</marc:subfield></marc:datafield><marc:datafield tag="920" ind1=" " ind2=" "><marc:subfield code="a">book</marc:subfield></marc:datafield></marc:record>