<marc:record><marc:leader>01620nam a2200313 a 4500</marc:leader><marc:controlfield tag="005">20250918232117.0</marc:controlfield><marc:controlfield tag="008">250728s2008    be |||||r|||||||| ||fre|d</marc:controlfield><marc:controlfield tag="001">990036752380409161</marc:controlfield><marc:datafield tag="020" ind1=" " ind2=" "><marc:subfield code="a">9782930495040</marc:subfield></marc:datafield><marc:datafield tag="035" ind1=" " ind2=" "><marc:subfield code="a">(RUG01)003675238</marc:subfield></marc:datafield><marc:datafield tag="040" ind1=" " ind2=" "><marc:subfield code="a">BE-GnUNI</marc:subfield></marc:datafield><marc:datafield tag="041" ind1="0" ind2=" "><marc:subfield code="a">fre</marc:subfield><marc:subfield code="b">fre</marc:subfield><marc:subfield code="b">eng</marc:subfield></marc:datafield><marc:datafield tag="050" ind1=" " ind2="4"><marc:subfield code="a">DC611.C167</marc:subfield><marc:subfield code="b">S58 2008</marc:subfield></marc:datafield><marc:datafield tag="245" ind1="0" ind2="3"><marc:subfield code="a">Le site Pléistocène moyen récent de Ranville (Calvados, France) dans son contexte environnemental :</marc:subfield><marc:subfield code="b">analyse du fonctionnement d&apos;une aire de boucherie soutirée par un réseau karstique /</marc:subfield><marc:subfield code="c">sous la direction de Dominique Cliquet; avant propos de Marcel Otte et de Françoise Fichet de Clairfontaine; préface d&apos;Yves Coppens.</marc:subfield></marc:datafield><marc:datafield tag="246" ind1="2" ind2=" "><marc:subfield code="a">The late Middle Pleistocene site of Ranville (Calvado, France) in its environnmental context</marc:subfield></marc:datafield><marc:datafield tag="260" ind1=" " ind2=" "><marc:subfield code="a">Liège :</marc:subfield><marc:subfield code="b">Université de Liège. Service de préhistoire,</marc:subfield><marc:subfield code="c">2008.</marc:subfield></marc:datafield><marc:datafield tag="300" ind1=" " ind2=" "><marc:subfield code="a">211 p.: ill. + CD-ROM.</marc:subfield></marc:datafield><marc:datafield tag="490" ind1="0" ind2=" "><marc:subfield code="a">ÉRAUL : études et recherches archéologiques de l&apos;Université de Liège ;</marc:subfield><marc:subfield code="v">119</marc:subfield></marc:datafield><marc:datafield tag="500" ind1=" " ind2=" "><marc:subfield code="a">Travail effectué dans le cadre du Project Collectif de Recherche &apos;Les Premiers Hommes en Normandie.&apos;</marc:subfield></marc:datafield><marc:datafield tag="546" ind1=" " ind2=" "><marc:subfield code="a">Met samentvatting in het Frans en Engels</marc:subfield></marc:datafield><marc:datafield tag="650" ind1=" " ind2="0"><marc:subfield code="a">Environmental archaeology</marc:subfield><marc:subfield code="z">France</marc:subfield><marc:subfield code="z">Calvados.</marc:subfield></marc:datafield><marc:datafield tag="650" ind1=" " ind2="0"><marc:subfield code="a">Excavations (Archaeology)</marc:subfield><marc:subfield code="z">France</marc:subfield><marc:subfield code="z">Calvados.</marc:subfield></marc:datafield><marc:datafield tag="650" ind1=" " ind2="0"><marc:subfield code="a">Paleontology</marc:subfield><marc:subfield code="y">Pleistocene.</marc:subfield><marc:subfield code="z">France</marc:subfield><marc:subfield code="z">Calvados</marc:subfield></marc:datafield><marc:datafield tag="651" ind1=" " ind2="0"><marc:subfield code="a">Ranville Site (France)</marc:subfield></marc:datafield><marc:datafield tag="700" ind1="1" ind2=" "><marc:subfield code="a">Cliquet, Dominique,</marc:subfield><marc:subfield code="d">....-</marc:subfield><marc:subfield code="0">(viaf)9887722</marc:subfield></marc:datafield><marc:datafield tag="700" ind1="1" ind2=" "><marc:subfield code="a">Otte, Marcel,</marc:subfield><marc:subfield code="d">1948-</marc:subfield><marc:subfield code="0">(viaf)73865366</marc:subfield></marc:datafield><marc:datafield tag="700" ind1="1" ind2=" "><marc:subfield code="a">Fichet de Clairfontaine, Françoise,</marc:subfield><marc:subfield code="d">....-</marc:subfield><marc:subfield code="0">(viaf)</marc:subfield></marc:datafield><marc:datafield tag="700" ind1="1" ind2=" "><marc:subfield code="a">Coppens, Yves,</marc:subfield><marc:subfield code="d">1934-</marc:subfield><marc:subfield code="0">(viaf)31994842</marc:subfield></marc:datafield><marc:datafield tag="920" ind1=" " ind2=" "><marc:subfield code="a">book</marc:subfield></marc:datafield></marc:record>