<marc:record><marc:leader>00815nam a2200205 a 4500</marc:leader><marc:controlfield tag="005">20250924112913.0</marc:controlfield><marc:controlfield tag="008">250728s2016    xx |||||r|||||||| ||fre|d</marc:controlfield><marc:controlfield tag="001">990036752350409161</marc:controlfield><marc:datafield tag="020" ind1=" " ind2=" "><marc:subfield code="a">9782878256789</marc:subfield></marc:datafield><marc:datafield tag="035" ind1=" " ind2=" "><marc:subfield code="a">(RUG01)003675235</marc:subfield></marc:datafield><marc:datafield tag="040" ind1=" " ind2=" "><marc:subfield code="a">BE-GnUNI</marc:subfield></marc:datafield><marc:datafield tag="100" ind1="1" ind2=" "><marc:subfield code="a">Behr, Aurélien,</marc:subfield><marc:subfield code="d">1988-</marc:subfield><marc:subfield code="0">(viaf)11152561483815441024</marc:subfield></marc:datafield><marc:datafield tag="245" ind1="1" ind2="0"><marc:subfield code="a">Sedan :</marc:subfield><marc:subfield code="b">enjeu international et confessionnel, 1520-1685 /</marc:subfield><marc:subfield code="c">Aurélien Behr, préface par Bruno Mars, postface par Léopold d&apos;Arenberg</marc:subfield></marc:datafield><marc:datafield tag="260" ind1=" " ind2=" "><marc:subfield code="a">Paris :</marc:subfield><marc:subfield code="b">Guéniot,</marc:subfield><marc:subfield code="c">2016.</marc:subfield></marc:datafield><marc:datafield tag="300" ind1=" " ind2=" "><marc:subfield code="a">371 p.</marc:subfield></marc:datafield><marc:datafield tag="500" ind1=" " ind2=" "><marc:subfield code="a">Met ex libris van Hilde Symoens</marc:subfield><marc:subfield code="3">LWBIB.L06.NT.05.D.D.0532</marc:subfield></marc:datafield><marc:datafield tag="541" ind1=" " ind2=" "><marc:subfield code="a">De Ridder-Symoens, Hilde</marc:subfield><marc:subfield code="c">Schenking</marc:subfield><marc:subfield code="d">16/03/2023</marc:subfield><marc:subfield code="3">LWBIB.L06.NT.05.D.D.0532</marc:subfield></marc:datafield><marc:datafield tag="700" ind1="1" ind2=" "><marc:subfield code="a">Maës, Bruno,</marc:subfield><marc:subfield code="d">1964-</marc:subfield><marc:subfield code="0">(viaf)14820662</marc:subfield></marc:datafield><marc:datafield tag="710" ind1="2" ind2=" "><marc:subfield code="a">Société d&apos;Histoire et l&apos;Archéologie du sedanais</marc:subfield></marc:datafield><marc:datafield tag="920" ind1=" " ind2=" "><marc:subfield code="a">book</marc:subfield></marc:datafield></marc:record>