<marc:record><marc:leader>04831cam a22003258i 4500</marc:leader><marc:controlfield tag="005">20250916171558.0</marc:controlfield><marc:controlfield tag="008">250424s2026    enk    |rb   |001 ||eng||</marc:controlfield><marc:controlfield tag="001">990036752340409161</marc:controlfield><marc:datafield tag="010" ind1=" " ind2=" "><marc:subfield code="a">2025005132</marc:subfield></marc:datafield><marc:datafield tag="020" ind1=" " ind2=" "><marc:subfield code="a">9781032856926</marc:subfield><marc:subfield code="q">pbk</marc:subfield></marc:datafield><marc:datafield tag="020" ind1=" " ind2=" "><marc:subfield code="z">9781003528050</marc:subfield><marc:subfield code="q">ebook</marc:subfield></marc:datafield><marc:datafield tag="035" ind1=" " ind2=" "><marc:subfield code="a">(RUG01)003675234</marc:subfield></marc:datafield><marc:datafield tag="035" ind1=" " ind2=" "><marc:subfield code="a">(RUG01)003675234RUG01</marc:subfield></marc:datafield><marc:datafield tag="035" ind1=" " ind2=" "><marc:subfield code="a">24168489</marc:subfield></marc:datafield><marc:datafield tag="035" ind1=" " ind2=" "><marc:subfield code="a">(DLC)24168489</marc:subfield></marc:datafield><marc:datafield tag="040" ind1=" " ind2=" "><marc:subfield code="a">DLC</marc:subfield><marc:subfield code="b">eng</marc:subfield><marc:subfield code="c">DLC</marc:subfield><marc:subfield code="d">DLC</marc:subfield><marc:subfield code="d">DLC-MRC</marc:subfield><marc:subfield code="e">rda</marc:subfield></marc:datafield><marc:datafield tag="042" ind1=" " ind2=" "><marc:subfield code="a">pcc</marc:subfield></marc:datafield><marc:datafield tag="050" ind1="0" ind2="0"><marc:subfield code="a">GN799.S43</marc:subfield><marc:subfield code="b">U64 2025</marc:subfield></marc:datafield><marc:datafield tag="082" ind1="0" ind2="0"><marc:subfield code="a">307.09/009</marc:subfield><marc:subfield code="2">23/eng/20250428</marc:subfield></marc:datafield><marc:datafield tag="245" ind1="0" ind2="0"><marc:subfield code="a">Understanding early large-scale collectives :</marc:subfield><marc:subfield code="b">a global perspective /</marc:subfield><marc:subfield code="c">edited by Justin Jennings.</marc:subfield></marc:datafield><marc:datafield tag="260" ind1=" " ind2=" "><marc:subfield code="a">London :</marc:subfield><marc:subfield code="b">Routledge,</marc:subfield><marc:subfield code="c">2026.</marc:subfield></marc:datafield><marc:datafield tag="300" ind1=" " ind2=" "><marc:subfield code="a">XIX, 429 p.: ill.</marc:subfield></marc:datafield><marc:datafield tag="504" ind1=" " ind2=" "><marc:subfield code="a">Includes bibliographical references and index.</marc:subfield></marc:datafield><marc:datafield tag="505" ind1="0" ind2=" "><marc:subfield code="a">The state of archaeology : an introduction / Justin Jennings -- Institutions and governance in Northern Iroquoian confederacies : implications for contact period geopolitics / Jennifer Birch -- The visible and invisible workings of Cahokia / Susan M. Alt -- Networks of power in the Chaco world : practices, institutions, and ideologies of collective action / Barbara J. Mills and Kelsey E. Hanson -- A comparative consideration of the institutions of governance of the Native American polities of La Florida / Victor D. Thompson -- The emergence of a large community at Aguada Fénix and its legacy in Southeastern Mesoamerica / Takeshi Inomata -- Multiscalar collectivities and governance in precolonial Mexico, from neighborhoods to confederations / David M. Carballo and Aurelio López Corral -- Kin, ancestors, and commensality : a new vision for Wari imperialism in Middle Horizon Peru / Justin Jennings -- Resilient margins : innovative political conservatism in Crete beyond the Knossian state / Carl Knappett -- Reimagining governance in the Zimbabwe culture : archaeological and anthropological insights from ancient Mberengwa / Robert T. Nyamushosho -- States of mobilities : nomadic institutions as the foundations of large-scale polities / Bryan K. Miller -- Public goods, entrainment, and inequality : the reconstitution of the Shang Kingdom under Wu Ding / Roderick Campbell -- Egalitarian regimes : inequality, ideology, and governance in the Indus civilization of Bronze Age South Asia / Adam S. Green -- Reimagining and reengineering political complexity in early Vietnam / Nam C. Kim -- Place making, fire, and the praxis of becoming Angkor / Hendrickson, Mitch, Miriam T. Stark, Alison Carter, Piphal Heng and Stéphanie Leroy -- Islands of ideology : exploring group formation and governance in Hawaiʻi / Seth Quintus -- Reframing premodern governance : synthesis and prospect / Gary M. Feinman.</marc:subfield></marc:datafield><marc:datafield tag="520" ind1=" " ind2=" "><marc:subfield code="a">&quot;This volume brings together perspectives from different parts of the world that showcase the wide variety of practices, institutions, and ideologies that allowed for shared identities and coordinated actions across broad collectives. It shows that there are many ways that people can work together. How did the world&apos;s first large-scale collectives come into being? For much of our discipline&apos;s history, the answer was the state. People learned how to be part of a larger community via political, economic, and social scaffolding that tended to build from earlier ways of living in a region. This scaffolding was often wobbly and always under construction-its flexibility often a design strength rather than a flaw. This book demonstrate that violence and rulers often played pivotal roles in large-scale collectives, but so did gender complementarity, markets, ritual centers, fictive kinship, and egalitarianism. Earlier evolutionary approaches tended to obscure both the variability and malleability of earlier political forms in a desire to find ideal types hidden beneath cross-cultural noise. This volume&apos;s authors argue that this noise was politics-in-action and that there was no state, or other kind of polity, that was above the fray and divorced from the daily practices that brought people, animals, and other things together. A better understanding of early collective action strategies provides a richer understanding of past politics, and, just as importantly, demonstrates governance alternatives for our contemporary society that struggles to address climate change, pandemics, and other pressing challenges. This book will interest archaeologists and historians, as well as anyone who is curious about other ways that we can work together to solve common problems&quot;-- Provided by publisher.</marc:subfield></marc:datafield><marc:datafield tag="650" ind1=" " ind2="0"><marc:subfield code="a">Land settlement patterns, Prehistoric</marc:subfield><marc:subfield code="0">http://id.loc.gov/authorities/subjects/sh85074309</marc:subfield></marc:datafield><marc:datafield tag="650" ind1=" " ind2="0"><marc:subfield code="a">Social archaeology</marc:subfield><marc:subfield code="0">http://id.loc.gov/authorities/subjects/sh85123909</marc:subfield></marc:datafield><marc:datafield tag="700" ind1="1" ind2=" "><marc:subfield code="a">Jennings, Justin,</marc:subfield><marc:subfield code="d">1973-....</marc:subfield><marc:subfield code="0">(viaf)33933576</marc:subfield></marc:datafield><marc:datafield tag="920" ind1=" " ind2=" "><marc:subfield code="a">book</marc:subfield></marc:datafield><marc:datafield tag="SID" ind1=" " ind2=" "><marc:subfield code="a">Z39</marc:subfield><marc:subfield code="b">LOC</marc:subfield></marc:datafield></marc:record>