<marc:record><marc:leader>02858nam a22002775i 4500</marc:leader><marc:controlfield tag="005">20250918232118.0</marc:controlfield><marc:controlfield tag="008">240716s2025    nyu    |r    |000 ||eng||</marc:controlfield><marc:controlfield tag="001">990036752330409161</marc:controlfield><marc:datafield tag="SID" ind1=" " ind2=" "><marc:subfield code="a">Z39</marc:subfield><marc:subfield code="b">LOC</marc:subfield></marc:datafield><marc:datafield tag="010" ind1=" " ind2=" "><marc:subfield code="a">2024942605</marc:subfield></marc:datafield><marc:datafield tag="020" ind1=" " ind2=" "><marc:subfield code="a">9780192868350</marc:subfield><marc:subfield code="q">hbk</marc:subfield></marc:datafield><marc:datafield tag="020" ind1=" " ind2=" "><marc:subfield code="z">9780191964299</marc:subfield></marc:datafield><marc:datafield tag="020" ind1=" " ind2=" "><marc:subfield code="q">epub</marc:subfield><marc:subfield code="z">9780192694560</marc:subfield></marc:datafield><marc:datafield tag="035" ind1=" " ind2=" "><marc:subfield code="a">(RUG01)003675233</marc:subfield></marc:datafield><marc:datafield tag="035" ind1=" " ind2=" "><marc:subfield code="a">23785077</marc:subfield></marc:datafield><marc:datafield tag="040" ind1=" " ind2=" "><marc:subfield code="a">DLC</marc:subfield><marc:subfield code="b">eng</marc:subfield><marc:subfield code="c">DLC</marc:subfield><marc:subfield code="e">rda</marc:subfield></marc:datafield><marc:datafield tag="042" ind1=" " ind2=" "><marc:subfield code="a">pcc</marc:subfield></marc:datafield><marc:datafield tag="245" ind1="0" ind2="4"><marc:subfield code="a">The Oxford handbook of archaeology and language /</marc:subfield><marc:subfield code="c">edited by Martine Robbeets and Mark Hudson.</marc:subfield></marc:datafield><marc:datafield tag="260" ind1=" " ind2=" "><marc:subfield code="a">New York (N.Y.) :</marc:subfield><marc:subfield code="b">Oxford university press,</marc:subfield><marc:subfield code="c">2025.</marc:subfield></marc:datafield><marc:datafield tag="264" ind1=" " ind2="1"><marc:subfield code="a">New York :</marc:subfield><marc:subfield code="b">Oxford University Press,</marc:subfield><marc:subfield code="c">2025.</marc:subfield></marc:datafield><marc:datafield tag="300" ind1=" " ind2=" "><marc:subfield code="a">XLVII, 939 p.: ill.</marc:subfield></marc:datafield><marc:datafield tag="490" ind1="0" ind2=" "><marc:subfield code="a">Oxford handbooks series</marc:subfield></marc:datafield><marc:datafield tag="520" ind1=" " ind2=" "><marc:subfield code="a">&quot;Linguists have long described their findings in an archaeological context, while archaeologists have been interested in what language can tell them about the past, but our understanding of human prehistory has been revolutionalised in recent years by the growing incorporation of interdisciplinary perspectives, especially from ancient DNA. The Oxford Handbook of Archaeology and Language provides a comprehensive and up-to-date overview of how archaeology, genes, and language may be combined in an integrated approach to shed light on the human past. At a time when the &apos;Big Data&apos; movement in genetics and archaeology, the combination of large quantitative datasets with powerful analytical tools, is starting to make inroads into linguistics, the Handbook gives the scientific discipline of &apos;Archaeolinguistics&apos; a new twist. This Handbook is divided in three parts. Part 1 &apos;Archaeology, Genes, and Language: Basic Frameworks&apos; introduces the basic frameworks of Archaeolinguistics, paying attention to recent trends and new perspectives. Part 2 &apos;Archaeology, Genes, and Language across Time&apos; applies Archaeolinguistics to different stages in human history, from hunter-gathering via the adoption of farming and the rise of writing to modern times. Part 3 &apos;Archaeology, Genes, and Language across Space&apos; illustrates the application of Archaeolinguistics by regional test cases from different parts of the world, including not only Indo-European but also Uralic, Transeurasian, Sino-Tibetan, Paleosiberian, Tai-Kadai, Austronesian, Papuan, Australian, Afrasian, Nilo-Saharan, Niger-Congo, Kalahari Basin, Andean and Lowland South American languages. In illustrating the extent to which linguistic, archaeological and genetic histories align or differ, the Handbook goes beyond the level of &apos;broad brush&apos; and &apos;one-man&apos; approaches by engaging specialists from different disciplines as co-authors, shedding light on language dynamics from multiple perspectives&quot;--</marc:subfield><marc:subfield code="c">Provided by publisher.</marc:subfield></marc:datafield><marc:datafield tag="700" ind1="1" ind2=" "><marc:subfield code="a">Hudson, Mark,</marc:subfield><marc:subfield code="d">1963-</marc:subfield><marc:subfield code="0">(viaf)76213463</marc:subfield></marc:datafield><marc:datafield tag="700" ind1="1" ind2=" "><marc:subfield code="a">Robbeets, Martine Irma,</marc:subfield><marc:subfield code="d">1972-</marc:subfield><marc:subfield code="0">(viaf)51989086</marc:subfield></marc:datafield><marc:datafield tag="920" ind1=" " ind2=" "><marc:subfield code="a">book</marc:subfield></marc:datafield></marc:record>