<marc:record><marc:leader>00942nkm a2200265 a 4500</marc:leader><marc:controlfield tag="005">20250918121121.0</marc:controlfield><marc:controlfield tag="008">230823q18981914be ||| |     |r   k|fre|d</marc:controlfield><marc:controlfield tag="001">990036752240409161</marc:controlfield><marc:datafield tag="035" ind1=" " ind2=" "><marc:subfield code="a">(RUG01)003675224</marc:subfield></marc:datafield><marc:datafield tag="040" ind1=" " ind2=" "><marc:subfield code="a">BE-GnUNI</marc:subfield></marc:datafield><marc:datafield tag="245" ind1="0" ind2="0"><marc:subfield code="k">[postcard]</marc:subfield><marc:subfield code="a">Gand. Le Nouveau Musée.</marc:subfield></marc:datafield><marc:datafield tag="260" ind1=" " ind2=" "><marc:subfield code="a">Bruxelles :</marc:subfield><marc:subfield code="b">D.V.D.,</marc:subfield><marc:subfield code="c">[ca. 1898-1914].</marc:subfield></marc:datafield><marc:datafield tag="300" ind1=" " ind2=" "><marc:subfield code="a">1 prentbriefkaart :</marc:subfield><marc:subfield code="b">zwart-wit ;</marc:subfield><marc:subfield code="c">h 87 x b 139 mm.</marc:subfield></marc:datafield><marc:datafield tag="340" ind1=" " ind2=" "><marc:subfield code="a">Papier</marc:subfield></marc:datafield><marc:datafield tag="490" ind1="0" ind2=" "><marc:subfield code="a">D.V.D. ;</marc:subfield><marc:subfield code="v">10980.</marc:subfield></marc:datafield><marc:datafield tag="540" ind1=" " ind2=" "><marc:subfield code="a">PDM-1.0</marc:subfield></marc:datafield><marc:datafield tag="541" ind1=" " ind2=" "><marc:subfield code="3">BIB.PKT.006700</marc:subfield><marc:subfield code="c">Aankoop</marc:subfield><marc:subfield code="a">Catawiki</marc:subfield><marc:subfield code="d">02/10/2019</marc:subfield></marc:datafield><marc:datafield tag="591" ind1=" " ind2=" "><marc:subfield code="a">Bijzondere collecties</marc:subfield></marc:datafield><marc:datafield tag="662" ind1=" " ind2=" "><marc:subfield code="a">België</marc:subfield><marc:subfield code="d">Gent</marc:subfield><marc:subfield code="f">Museum van Schone Kunsten. Citadelpark</marc:subfield><marc:subfield code="0">(bpost)9000</marc:subfield><marc:subfield code="0">(tgn)7007887</marc:subfield></marc:datafield><marc:datafield tag="650" ind1=" " ind2="7"><marc:subfield code="a">Museums.</marc:subfield><marc:subfield code="2">UGENTSC</marc:subfield></marc:datafield><marc:datafield tag="651" ind1=" " ind2="7"><marc:subfield code="a">Museum voor Schone Kunsten</marc:subfield><marc:subfield code="4">dpc</marc:subfield><marc:subfield code="2">UGENTGG</marc:subfield><marc:subfield code="0">(GentGemapt)ark:/87900/4200</marc:subfield></marc:datafield><marc:datafield tag="655" ind1=" " ind2="7"><marc:subfield code="a">Photographic postcards.</marc:subfield><marc:subfield code="2">UGENTSC</marc:subfield></marc:datafield><marc:datafield tag="655" ind1=" " ind2="7"><marc:subfield code="a">Postcards.</marc:subfield><marc:subfield code="2">UGENTSC</marc:subfield></marc:datafield><marc:datafield tag="700" ind1="1" ind2=" "><marc:subfield code="a">Van Dantzig, Désiré,</marc:subfield><marc:subfield code="d">active 1898-1914</marc:subfield><marc:subfield code="0">(viaf)0</marc:subfield></marc:datafield><marc:datafield tag="920" ind1=" " ind2=" "><marc:subfield code="a">image</marc:subfield></marc:datafield></marc:record>