<marc:record><marc:leader>00963njm a2200241 a 4500</marc:leader><marc:controlfield tag="005">20250918114924.0</marc:controlfield><marc:controlfield tag="008">250708nuuuuuuuuxx |||||#|||||||| | eng|d</marc:controlfield><marc:controlfield tag="001">990036752110409161</marc:controlfield><marc:datafield tag="028" ind1="1" ind2="0"><marc:subfield code="a">2EA.10357</marc:subfield><marc:subfield code="b">His master&apos;s voice</marc:subfield></marc:datafield><marc:datafield tag="028" ind1="1" ind2="0"><marc:subfield code="a">2EA.10358</marc:subfield><marc:subfield code="b">His master&apos;s voice</marc:subfield></marc:datafield><marc:datafield tag="028" ind1="2" ind2="0"><marc:subfield code="a">D.B.6232</marc:subfield><marc:subfield code="b">His master&apos;s voice</marc:subfield></marc:datafield><marc:datafield tag="035" ind1=" " ind2=" "><marc:subfield code="a">(RUG01)003675211</marc:subfield></marc:datafield><marc:datafield tag="040" ind1=" " ind2=" "><marc:subfield code="a">BE-GnUNI</marc:subfield></marc:datafield><marc:datafield tag="100" ind1="1" ind2=" "><marc:subfield code="a">Holst, Gustav,</marc:subfield><marc:subfield code="d">1874-1934</marc:subfield><marc:subfield code="0">(viaf)76500370</marc:subfield><marc:subfield code="4">cmp</marc:subfield></marc:datafield><marc:datafield tag="245" ind1="1" ind2="4"><marc:subfield code="a">The planets suite, Op. 32 :</marc:subfield><marc:subfield code="b">VI. Uranus, the magician /</marc:subfield><marc:subfield code="c">Holst; the B.B.C. Symphony Orchestra; cond. Adrian Boult.</marc:subfield></marc:datafield><marc:datafield tag="260" ind1=" " ind2=" "><marc:subfield code="a">S.l. :</marc:subfield><marc:subfield code="b">His master&apos;s voice,</marc:subfield><marc:subfield code="c">n.d.</marc:subfield></marc:datafield><marc:datafield tag="300" ind1=" " ind2=" "><marc:subfield code="a">1 grammofoonplaat :</marc:subfield><marc:subfield code="b">78 rpm ;</marc:subfield><marc:subfield code="c">30 cm.</marc:subfield></marc:datafield><marc:datafield tag="505" ind1="0" ind2=" "><marc:subfield code="a">10. The planets suite, Op. 32; VI. Uranus, the magician, part 1</marc:subfield></marc:datafield><marc:datafield tag="505" ind1="0" ind2=" "><marc:subfield code="a">11. The planets suite, Op. 32; VI. Uranus, the magician, conclusion</marc:subfield></marc:datafield><marc:datafield tag="700" ind1="1" ind2=" "><marc:subfield code="a">Boult, Adrian,</marc:subfield><marc:subfield code="d">1889-1983</marc:subfield><marc:subfield code="0">(viaf)12393687</marc:subfield><marc:subfield code="4">cnd</marc:subfield></marc:datafield><marc:datafield tag="710" ind1="2" ind2=" "><marc:subfield code="a">B.B.C. symphony orchestra</marc:subfield><marc:subfield code="4">prf</marc:subfield></marc:datafield><marc:datafield tag="710" ind1="2" ind2=" "><marc:subfield code="a">The Gramophone Co.</marc:subfield></marc:datafield><marc:datafield tag="920" ind1=" " ind2=" "><marc:subfield code="a">audio</marc:subfield></marc:datafield></marc:record>