<marc:record><marc:leader>00000nam a22      a 4500</marc:leader><marc:controlfield tag="005">20250718114102.0</marc:controlfield><marc:controlfield tag="008">050322s1671    ne     |r    |000 ||dut|d</marc:controlfield><marc:controlfield tag="001">990036751990409161</marc:controlfield><marc:datafield tag="035" ind1=" " ind2=" "><marc:subfield code="a">(BE-GnUNI)003675199</marc:subfield></marc:datafield><marc:datafield tag="035" ind1=" " ind2=" "><marc:subfield code="a">(BE-GnUNI)003675199RUG01</marc:subfield></marc:datafield><marc:datafield tag="035" ind1=" " ind2=" "><marc:subfield code="a">(BKT01)000010037</marc:subfield></marc:datafield><marc:datafield tag="040" ind1=" " ind2=" "><marc:subfield code="a">BE-GnUNI</marc:subfield></marc:datafield><marc:datafield tag="100" ind1="1" ind2=" "><marc:subfield code="a">Asselyn, Thomas,</marc:subfield><marc:subfield code="d">1620-1701</marc:subfield><marc:subfield code="0">(viaf)2459019</marc:subfield></marc:datafield><marc:datafield tag="245" ind1="1" ind2="3"><marc:subfield code="a">De moort tot Luyck door den graaf van Warfusé aan den Burgermeester de la Ruelle (voorgevallen in &apos;t jaar 1637) :</marc:subfield><marc:subfield code="b">Treurspel.</marc:subfield></marc:datafield><marc:datafield tag="260" ind1=" " ind2=" "><marc:subfield code="a">t&apos; Amsterdam. :</marc:subfield><marc:subfield code="b">by Jacob Lescailje,</marc:subfield><marc:subfield code="c">1671.</marc:subfield></marc:datafield><marc:datafield tag="300" ind1=" " ind2=" "><marc:subfield code="a">80 p. ; 8°.</marc:subfield></marc:datafield><marc:datafield tag="500" ind1=" " ind2=" "><marc:subfield code="a">Vertoont op d&apos;Amsterdamsche Schouwburg</marc:subfield></marc:datafield><marc:datafield tag="540" ind1=" " ind2=" "><marc:subfield code="a">NOC-NC</marc:subfield></marc:datafield><marc:datafield tag="591" ind1=" " ind2=" "><marc:subfield code="a">Europeana-GoogleBooks</marc:subfield></marc:datafield><marc:datafield tag="700" ind1="1" ind2=" "><marc:subfield code="a">Lescaille, Jacob,</marc:subfield><marc:subfield code="d">active 1644-1680</marc:subfield><marc:subfield code="0">(viaf)68330</marc:subfield><marc:subfield code="4">prt</marc:subfield></marc:datafield><marc:datafield tag="856" ind1="4" ind2=" "><marc:subfield code="u">https://books.google.be/books?vid=GENT900000062004</marc:subfield><marc:subfield code="3">Full text</marc:subfield><marc:subfield code="y">BIB.HER.002351</marc:subfield></marc:datafield><marc:datafield tag="920" ind1=" " ind2=" "><marc:subfield code="a">book</marc:subfield></marc:datafield><marc:datafield tag="773" ind1="1" ind2="8"><marc:subfield code="w">990036751980409161</marc:subfield><marc:subfield code="t">Deel BIB.HER.002351 van verzamelband BIB.HER.002351/-2</marc:subfield><marc:subfield code="g">pt:Deel BIB.HER.002351: De moort tot Luyck door den graaf van Warfusé aan den Burgermeester de la Ruelle (voorgevallen in &apos;t jaar 1637) : Treurspel.</marc:subfield><marc:subfield code="g">iss:01</marc:subfield></marc:datafield></marc:record>