<marc:record><marc:leader>01452nkm a2200301 a 4500</marc:leader><marc:controlfield tag="005">20250918121114.0</marc:controlfield><marc:controlfield tag="008">250519|15751582xx ||| |     |r   k|lat|d</marc:controlfield><marc:controlfield tag="001">990036751870409161</marc:controlfield><marc:datafield tag="035" ind1=" " ind2=" "><marc:subfield code="a">(RUG01)003675187</marc:subfield></marc:datafield><marc:datafield tag="040" ind1=" " ind2=" "><marc:subfield code="a">BE-GnUNI</marc:subfield></marc:datafield><marc:datafield tag="100" ind1="1" ind2=" "><marc:subfield code="a">Galle, Philips,</marc:subfield><marc:subfield code="d">1537-1612</marc:subfield><marc:subfield code="0">(viaf)73895789</marc:subfield><marc:subfield code="4">egr</marc:subfield></marc:datafield><marc:datafield tag="245" ind1="1" ind2="0"><marc:subfield code="k">[print]</marc:subfield><marc:subfield code="a">De apostel Petrus geneest de verlamde Enias in Lydda, prent 17 van &apos;Acta Apostolorum&apos; /</marc:subfield><marc:subfield code="c">Philips Galle, naar Maarten van Heemskerck.</marc:subfield></marc:datafield><marc:datafield tag="246" ind1="2" ind2=" "><marc:subfield code="a">St Peter healing Aeneas at Lydda</marc:subfield></marc:datafield><marc:datafield tag="260" ind1=" " ind2=" "><marc:subfield code="a">Antwerpen :</marc:subfield><marc:subfield code="b">[Philips Galle],</marc:subfield><marc:subfield code="c">[1575-1582].</marc:subfield></marc:datafield><marc:datafield tag="300" ind1=" " ind2=" "><marc:subfield code="a">1 prent :</marc:subfield><marc:subfield code="b">gravure, ingebonden ;</marc:subfield><marc:subfield code="c">plaatrand h 212 x b 274 mm, bladrand h 255 x b 335 mm.</marc:subfield></marc:datafield><marc:datafield tag="340" ind1=" " ind2=" "><marc:subfield code="a">Papier.</marc:subfield></marc:datafield><marc:datafield tag="490" ind1="0" ind2=" "><marc:subfield code="a">Acta Apostolorum</marc:subfield></marc:datafield><marc:datafield tag="490" ind1="0" ind2=" "><marc:subfield code="a">Handelingen van de apostelen</marc:subfield></marc:datafield><marc:datafield tag="500" ind1=" " ind2=" "><marc:subfield code="3">BIB.GOP.B1781</marc:subfield><marc:subfield code="a">Reeks 16/prent 17</marc:subfield></marc:datafield><marc:datafield tag="500" ind1=" " ind2=" "><marc:subfield code="a">Prent 17 van &apos;Acta Apostolorum&apos;. Reeks bestaat uit een titelpagina en 34 gravures.</marc:subfield></marc:datafield><marc:datafield tag="540" ind1=" " ind2=" "><marc:subfield code="a">PDM-1.0</marc:subfield></marc:datafield><marc:datafield tag="581" ind1=" " ind2=" "><marc:subfield code="a">New Hollstein, Dutch and Flemish etchings, engravings and woodcuts, 1450-1700, Philips Galle, part II, Rotterdam: Sound &amp; Vision, 2001, p. 87, nr. 204/II</marc:subfield></marc:datafield><marc:datafield tag="591" ind1=" " ind2=" "><marc:subfield code="a">Bijzondere collecties</marc:subfield></marc:datafield><marc:datafield tag="650" ind1=" " ind2="7"><marc:subfield code="a">Bible, New Testament.</marc:subfield><marc:subfield code="2">UGENTSC</marc:subfield></marc:datafield><marc:datafield tag="655" ind1=" " ind2="7"><marc:subfield code="a">Graphic material.</marc:subfield><marc:subfield code="2">UGENTSC</marc:subfield></marc:datafield><marc:datafield tag="700" ind1="1" ind2=" "><marc:subfield code="a">Van Heemskerck, Maarten,</marc:subfield><marc:subfield code="d">1498-1574</marc:subfield><marc:subfield code="0">(viaf)88717459</marc:subfield><marc:subfield code="4">ccp</marc:subfield></marc:datafield><marc:datafield tag="773" ind1="1" ind2="8"><marc:subfield code="w">990031418980409161</marc:subfield><marc:subfield code="t">Deel 151 van verzamelband BIB.GOP.B1781</marc:subfield><marc:subfield code="g">pt:Deel 151: De apostel Petrus geneest de verlamde Enias in Lydda</marc:subfield><marc:subfield code="g">iss:151</marc:subfield></marc:datafield><marc:datafield tag="920" ind1=" " ind2=" "><marc:subfield code="a">image</marc:subfield></marc:datafield></marc:record>