<marc:record><marc:leader>00000nam a22      u 4500</marc:leader><marc:controlfield tag="005">20250718103434.0</marc:controlfield><marc:controlfield tag="008">080922s1735    be     |r    |000 ||dut|d</marc:controlfield><marc:controlfield tag="001">990036751820409161</marc:controlfield><marc:datafield tag="035" ind1=" " ind2=" "><marc:subfield code="a">(BE-GnUNI)003675182</marc:subfield></marc:datafield><marc:datafield tag="035" ind1=" " ind2=" "><marc:subfield code="a">(BE-GnUNI)003675182RUG01</marc:subfield></marc:datafield><marc:datafield tag="035" ind1=" " ind2=" "><marc:subfield code="a">(BKT01)000311514</marc:subfield></marc:datafield><marc:datafield tag="040" ind1=" " ind2=" "><marc:subfield code="a">BE-GnUNI</marc:subfield></marc:datafield><marc:datafield tag="100" ind1="1" ind2=" "><marc:subfield code="a">Van Vergelo, Jacob,</marc:subfield><marc:subfield code="d">active 1735</marc:subfield><marc:subfield code="0">(viaf)3578161212181940070007</marc:subfield></marc:datafield><marc:datafield tag="245" ind1="1" ind2="4"><marc:subfield code="a">Den bekeerden gierigaert :</marc:subfield><marc:subfield code="b">klucht-spel /</marc:subfield><marc:subfield code="c">door Sr. Jacobus van Vergelo.</marc:subfield></marc:datafield><marc:datafield tag="260" ind1=" " ind2=" "><marc:subfield code="a">Tot Dendermonde :</marc:subfield><marc:subfield code="b">by Jacobus Du Caju,</marc:subfield><marc:subfield code="c">1735.</marc:subfield></marc:datafield><marc:datafield tag="300" ind1=" " ind2=" "><marc:subfield code="a">28 p. ; 8°.</marc:subfield></marc:datafield><marc:datafield tag="540" ind1=" " ind2=" "><marc:subfield code="a">NOC-NC</marc:subfield></marc:datafield><marc:datafield tag="591" ind1=" " ind2=" "><marc:subfield code="a">Europeana-GoogleBooks</marc:subfield></marc:datafield><marc:datafield tag="700" ind1="1" ind2=" "><marc:subfield code="a">du Caju, Jacobus Joannes,</marc:subfield><marc:subfield code="d">active 1729-1783</marc:subfield><marc:subfield code="0">(viaf)38463083</marc:subfield><marc:subfield code="4">prt</marc:subfield></marc:datafield><marc:datafield tag="856" ind1="4" ind2=" "><marc:subfield code="u">https://books.google.be/books?vid=GENT900000049818</marc:subfield><marc:subfield code="3">Full text</marc:subfield><marc:subfield code="y">BIB.HER.002341</marc:subfield></marc:datafield><marc:datafield tag="920" ind1=" " ind2=" "><marc:subfield code="a">book</marc:subfield></marc:datafield><marc:datafield tag="773" ind1="1" ind2="8"><marc:subfield code="w">990036751810409161</marc:subfield><marc:subfield code="t">Deel BIB.HER.002341 van verzamelband BIB.HER.002341/-1</marc:subfield><marc:subfield code="g">pt:Deel BIB.HER.002341: Den bekeerden gierigaert : klucht-spel / door Sr. Jacobus van Vergelo</marc:subfield><marc:subfield code="g">iss:01</marc:subfield></marc:datafield></marc:record>