<marc:record><marc:leader>00000nam a22      u 4500</marc:leader><marc:controlfield tag="005">20250718100754.0</marc:controlfield><marc:controlfield tag="008">080922s1732    ne     |r    |000 ||dut|d</marc:controlfield><marc:controlfield tag="001">990036751800409161</marc:controlfield><marc:datafield tag="035" ind1=" " ind2=" "><marc:subfield code="a">(BE-GnUNI)003675180</marc:subfield></marc:datafield><marc:datafield tag="035" ind1=" " ind2=" "><marc:subfield code="a">(BE-GnUNI)003675180RUG01</marc:subfield></marc:datafield><marc:datafield tag="035" ind1=" " ind2=" "><marc:subfield code="a">(BKT01)000311511</marc:subfield></marc:datafield><marc:datafield tag="040" ind1=" " ind2=" "><marc:subfield code="a">BE-GnUNI</marc:subfield></marc:datafield><marc:datafield tag="100" ind1="1" ind2=" "><marc:subfield code="a">van Leyden, Jan Gerbrantszoon,</marc:subfield><marc:subfield code="d">....-1504</marc:subfield><marc:subfield code="0">(viaf)10644183</marc:subfield></marc:datafield><marc:datafield tag="245" ind1="1" ind2="0"><marc:subfield code="a">Kronyk van Egmond, of jaarboeken der vorstelyke abten van Egmond /</marc:subfield><marc:subfield code="c">in &apos;t Latyn beschreeven door broeder Jan van Leyden ... ; vertaald door Kornelis van Herk ; vervolgt, en met de vertaalinge der grafschriften verrykt, door Gerard Kempher ; uytgegeven en vermeerdert met een lyst van de donatien en de naamen der geenen, die in d&apos;abdye begraaven zijn door Simon Eikelenberg.</marc:subfield></marc:datafield><marc:datafield tag="260" ind1=" " ind2=" "><marc:subfield code="a">Alkmaar :</marc:subfield><marc:subfield code="b">Simon van Hoolwerf,</marc:subfield><marc:subfield code="c">1732.</marc:subfield></marc:datafield><marc:datafield tag="300" ind1=" " ind2=" "><marc:subfield code="a">283 p. : ill. ; 4°.</marc:subfield></marc:datafield><marc:datafield tag="540" ind1=" " ind2=" "><marc:subfield code="a">NOC-NC</marc:subfield></marc:datafield><marc:datafield tag="591" ind1=" " ind2=" "><marc:subfield code="a">Europeana-GoogleBooks</marc:subfield></marc:datafield><marc:datafield tag="700" ind1="1" ind2=" "><marc:subfield code="a">Eikelenberg, Simon,</marc:subfield><marc:subfield code="d">1663-1738</marc:subfield><marc:subfield code="0">(viaf)52045157</marc:subfield></marc:datafield><marc:datafield tag="700" ind1="1" ind2=" "><marc:subfield code="a">Kempher, Gerard,</marc:subfield><marc:subfield code="d">1675-1737</marc:subfield><marc:subfield code="0">(viaf)289751197</marc:subfield></marc:datafield><marc:datafield tag="700" ind1="1" ind2=" "><marc:subfield code="a">van Herk, Cornelis,</marc:subfield><marc:subfield code="d">1656-1728</marc:subfield><marc:subfield code="0">(viaf)292019207</marc:subfield></marc:datafield><marc:datafield tag="700" ind1="1" ind2=" "><marc:subfield code="a">Van Hoolwerf, Simon,</marc:subfield><marc:subfield code="d">active 1729-1741</marc:subfield><marc:subfield code="0">(viaf)0</marc:subfield><marc:subfield code="4">pbl</marc:subfield></marc:datafield><marc:datafield tag="856" ind1="4" ind2=" "><marc:subfield code="u">https://books.google.be/books?vid=GENT900000050792</marc:subfield><marc:subfield code="3">Full text</marc:subfield><marc:subfield code="y">BIB.HER.002320/1</marc:subfield></marc:datafield><marc:datafield tag="920" ind1=" " ind2=" "><marc:subfield code="a">book</marc:subfield></marc:datafield><marc:datafield tag="773" ind1="1" ind2="8"><marc:subfield code="w">990036751770409161</marc:subfield><marc:subfield code="t">Deel BIB.HER.002320/1 van verzamelband BIB.HER.002320/-1</marc:subfield><marc:subfield code="g">pt:Deel BIB.HER.002320/1: Kronyk van Egmond, of jaarboeken der vorstelyke abten van Egmond</marc:subfield><marc:subfield code="g">iss:02</marc:subfield></marc:datafield></marc:record>