<marc:record><marc:leader>00000nam a22      u 4500</marc:leader><marc:controlfield tag="005">20250718100248.0</marc:controlfield><marc:controlfield tag="008">080922s1714    ne     |r    |000 ||dut|d</marc:controlfield><marc:controlfield tag="001">990036751780409161</marc:controlfield><marc:datafield tag="035" ind1=" " ind2=" "><marc:subfield code="a">(BE-GnUNI)003675178</marc:subfield></marc:datafield><marc:datafield tag="035" ind1=" " ind2=" "><marc:subfield code="a">(BE-GnUNI)003675178RUG01</marc:subfield></marc:datafield><marc:datafield tag="035" ind1=" " ind2=" "><marc:subfield code="a">(BKT01)000311493</marc:subfield></marc:datafield><marc:datafield tag="040" ind1=" " ind2=" "><marc:subfield code="a">BE-GnUNI</marc:subfield></marc:datafield><marc:datafield tag="100" ind1="1" ind2=" "><marc:subfield code="a">Eikelenberg, Simon,</marc:subfield><marc:subfield code="d">1663-1738</marc:subfield><marc:subfield code="0">(viaf)52045157</marc:subfield></marc:datafield><marc:datafield tag="245" ind1="1" ind2="0"><marc:subfield code="a">Gedaante en gesteldheid van Westvriesland voor den jaare MCCC, en teffens den ondergang van het dorp Vroone, [...].</marc:subfield></marc:datafield><marc:datafield tag="260" ind1=" " ind2=" "><marc:subfield code="a">Alkmaar :</marc:subfield><marc:subfield code="b">Klaas Mol,</marc:subfield><marc:subfield code="c">1714.</marc:subfield></marc:datafield><marc:datafield tag="300" ind1=" " ind2=" "><marc:subfield code="a">99 p. ; 4°.</marc:subfield></marc:datafield><marc:datafield tag="540" ind1=" " ind2=" "><marc:subfield code="a">NOC-NC</marc:subfield></marc:datafield><marc:datafield tag="591" ind1=" " ind2=" "><marc:subfield code="a">Europeana-GoogleBooks</marc:subfield></marc:datafield><marc:datafield tag="700" ind1="1" ind2=" "><marc:subfield code="a">Mol, Nikolaas,</marc:subfield><marc:subfield code="d">active 1712-1728</marc:subfield><marc:subfield code="0">(viaf)29174436886110930952</marc:subfield><marc:subfield code="4">pbl</marc:subfield></marc:datafield><marc:datafield tag="856" ind1="4" ind2=" "><marc:subfield code="u">https://books.google.be/books?vid=GENT900000050791</marc:subfield><marc:subfield code="3">Full text</marc:subfield><marc:subfield code="y">BIB.HER.002320</marc:subfield></marc:datafield><marc:datafield tag="920" ind1=" " ind2=" "><marc:subfield code="a">book</marc:subfield></marc:datafield><marc:datafield tag="773" ind1="1" ind2="8"><marc:subfield code="w">990036751770409161</marc:subfield><marc:subfield code="t">Deel BIB.HER.002320 van verzamelband BIB.HER.002320/-1</marc:subfield><marc:subfield code="g">pt:Deel BIB.HER.002320: Gedaante en gesteldheid van Westvriesland voor den jaare MCCC, en teffens den ondergang van het dorp Vroone, [...]</marc:subfield><marc:subfield code="g">iss:01</marc:subfield></marc:datafield></marc:record>