<marc:record><marc:leader>01181nam a2200217 a 4500</marc:leader><marc:controlfield tag="005">20250918232114.0</marc:controlfield><marc:controlfield tag="008">050322s1818    ne     |r    |000 ||dut|d</marc:controlfield><marc:controlfield tag="001">990036751710409161</marc:controlfield><marc:datafield tag="035" ind1=" " ind2=" "><marc:subfield code="a">(RUG01)003675171</marc:subfield></marc:datafield><marc:datafield tag="035" ind1=" " ind2=" "><marc:subfield code="a">(BKT01)000028978</marc:subfield></marc:datafield><marc:datafield tag="040" ind1=" " ind2=" "><marc:subfield code="a">BE-GnUNI</marc:subfield></marc:datafield><marc:datafield tag="100" ind1="1" ind2=" "><marc:subfield code="a">Van den Bosch, Hubert,</marc:subfield><marc:subfield code="d">1770-1848</marc:subfield><marc:subfield code="0">(viaf)10204054</marc:subfield></marc:datafield><marc:datafield tag="245" ind1="1" ind2="3"><marc:subfield code="a">De kinderpokken, welke voornamelijk in de jaren 1817 en 1818, zoo fel te Rotterdam geheerscht hebben, in verband beschouwd met de enting met koepokstof, en deze in derzelver waarde gehandhaafd.</marc:subfield></marc:datafield><marc:datafield tag="260" ind1=" " ind2=" "><marc:subfield code="a">Rotterdam :</marc:subfield><marc:subfield code="b">P. vander Meer,</marc:subfield><marc:subfield code="c">1818.</marc:subfield></marc:datafield><marc:datafield tag="300" ind1=" " ind2=" "><marc:subfield code="a">16 p. ; 8°.</marc:subfield></marc:datafield><marc:datafield tag="540" ind1=" " ind2=" "><marc:subfield code="a">NOC-NC</marc:subfield></marc:datafield><marc:datafield tag="591" ind1=" " ind2=" "><marc:subfield code="a">Europeana-GoogleBooks</marc:subfield></marc:datafield><marc:datafield tag="773" ind1="1" ind2="8"><marc:subfield code="w">990036751680409161</marc:subfield><marc:subfield code="t">Deel BIB.HER.002255/1 van verzamelband BIB.HER.002255/-1</marc:subfield><marc:subfield code="g">pt:Deel BIB.HER.002255/1: De kinderpokken, welke voornamelijk in de jaren 1817 en 1818, zoo fel te Rotterdam geheerscht hebben, in verband beschouwd met de enting met koepokstof, en deze in derzelver waarde gehandhaafd.</marc:subfield><marc:subfield code="g">iss:03</marc:subfield></marc:datafield><marc:datafield tag="856" ind1="4" ind2=" "><marc:subfield code="u">https://books.google.be/books?vid=GENT900000049775</marc:subfield><marc:subfield code="3">Full text</marc:subfield><marc:subfield code="y">BIB.HER.002255/1</marc:subfield></marc:datafield><marc:datafield tag="856" ind1="4" ind2=" "><marc:subfield code="u">https://books.google.be/books?vid=GENT900000127146</marc:subfield><marc:subfield code="3">Full text</marc:subfield><marc:subfield code="y">BIB.MED.002501</marc:subfield></marc:datafield><marc:datafield tag="920" ind1=" " ind2=" "><marc:subfield code="a">book</marc:subfield></marc:datafield></marc:record>