<marc:record><marc:leader>00784nas a2200157 a 4500</marc:leader><marc:controlfield tag="005">20250918123705.0</marc:controlfield><marc:controlfield tag="008">250718|uuuuuuuune u| p|r||||||   ||dut|d</marc:controlfield><marc:controlfield tag="001">990036751700409161</marc:controlfield><marc:datafield tag="035" ind1=" " ind2=" "><marc:subfield code="a">(RUG01)003675170</marc:subfield></marc:datafield><marc:datafield tag="040" ind1=" " ind2=" "><marc:subfield code="a">BE-GnUNI</marc:subfield></marc:datafield><marc:datafield tag="245" ind1="0" ind2="0"><marc:subfield code="a">Tijdschrift voor genees-, heel-, verlos- en scheikundige wetenschappen, vanwege het Genootschap Vis Unita Fortior, te Hoorn.</marc:subfield></marc:datafield><marc:datafield tag="260" ind1=" " ind2=" "><marc:subfield code="a">Amsterdam :</marc:subfield><marc:subfield code="b">Vink,</marc:subfield><marc:subfield code="c">n.d.</marc:subfield></marc:datafield><marc:datafield tag="540" ind1=" " ind2=" "><marc:subfield code="a">UND</marc:subfield></marc:datafield><marc:datafield tag="599" ind1=" " ind2=" "><marc:subfield code="u">https://lib.ugent.be/europeana/900000049774?pg=RA1-PP13</marc:subfield><marc:subfield code="y">BIB.HER.002255</marc:subfield><marc:subfield code="3">Full text</marc:subfield></marc:datafield><marc:datafield tag="773" ind1="1" ind2="8"><marc:subfield code="w">990036751680409161</marc:subfield><marc:subfield code="t">Deel BIB.HER.002255 van verzamelband BIB.HER.002255/-1</marc:subfield><marc:subfield code="g">pt:Deel BIB.HER.002255: Tijdschrift voor genees-, heel-, verlos- en scheikundige wetenschappen, vanwege het Genootschap Vis Unita Fortior, te Hoorn ; 2(1828)2</marc:subfield><marc:subfield code="g">iss:02</marc:subfield></marc:datafield><marc:datafield tag="920" ind1=" " ind2=" "><marc:subfield code="a">periodical</marc:subfield></marc:datafield></marc:record>