<marc:record><marc:leader>01597nam a2200241 a 4500</marc:leader><marc:controlfield tag="005">20250918115205.0</marc:controlfield><marc:controlfield tag="008">250718|2015||||xx |||||||||||||| ||eng|d</marc:controlfield><marc:controlfield tag="001">990036751670409161</marc:controlfield><marc:datafield tag="020" ind1=" " ind2=" "><marc:subfield code="a">9788874627561</marc:subfield></marc:datafield><marc:datafield tag="035" ind1=" " ind2=" "><marc:subfield code="a">(RUG01)003675167</marc:subfield></marc:datafield><marc:datafield tag="040" ind1=" " ind2=" "><marc:subfield code="a">BE-GnUNI</marc:subfield></marc:datafield><marc:datafield tag="245" ind1="0" ind2="0"><marc:subfield code="k">[catalog]</marc:subfield><marc:subfield code="a">Food dal cucchiaio al mondo /</marc:subfield><marc:subfield code="c">Edited by Pippo Ciorra and Alessio Rosati.</marc:subfield></marc:datafield><marc:datafield tag="260" ind1=" " ind2=" "><marc:subfield code="a">Rome :</marc:subfield><marc:subfield code="b">MAXXI,</marc:subfield><marc:subfield code="c">2015.</marc:subfield></marc:datafield><marc:datafield tag="300" ind1=" " ind2=" "><marc:subfield code="a">265 p. :</marc:subfield><marc:subfield code="b">ill. ;</marc:subfield><marc:subfield code="c">24 cm.</marc:subfield></marc:datafield><marc:datafield tag="500" ind1=" " ind2=" "><marc:subfield code="a">Catalog of an exhibition held at the MAXXI, Museo nazionale delle arti del XXI secolo, Rome, Italy, May 29-November 8, 2015.</marc:subfield></marc:datafield><marc:datafield tag="500" ind1=" " ind2=" "><marc:subfield code="a">In the year of EXPO in Milan, the exhibition Food is intended as an exploration of architectural issues associated with the storing, distribution, consumption and disposal of food and raw materials, Stimulating debate over the primary question of the space and the time we inhabit. Over 50 works by different artists and architects that, in a presentation that ranges from the dimension of the human body to that of the planet, from the kitchen to the home, from the city to the region and the world, tackle the global political, social, urban and economic effects that the production, distribution, consumption and disposal of food have on communities and territories.</marc:subfield></marc:datafield><marc:datafield tag="500" ind1=" " ind2=" "><marc:subfield code="a">P. 182-183: Market Hall, Ghent (Robbrecht en Daem architecten)</marc:subfield></marc:datafield><marc:datafield tag="655" ind1=" " ind2="7"><marc:subfield code="a">Catalogs.</marc:subfield><marc:subfield code="2">UGENTSC</marc:subfield></marc:datafield><marc:datafield tag="655" ind1=" " ind2="7"><marc:subfield code="a">Exhibition catalogs.</marc:subfield><marc:subfield code="2">UGENTSC</marc:subfield></marc:datafield><marc:datafield tag="700" ind1="1" ind2=" "><marc:subfield code="a">Ciorra, Pippo,</marc:subfield><marc:subfield code="d">1955-</marc:subfield><marc:subfield code="0">(viaf)27105266</marc:subfield><marc:subfield code="4">edt</marc:subfield></marc:datafield><marc:datafield tag="710" ind1="2" ind2=" "><marc:subfield code="a">Museo nazionale delle arti del XXI secolo (Italy),</marc:subfield></marc:datafield><marc:datafield tag="700" ind1="1" ind2=" "><marc:subfield code="a">Rosati, Alessio,</marc:subfield><marc:subfield code="d">....-</marc:subfield><marc:subfield code="0">(viaf)</marc:subfield><marc:subfield code="4">edt</marc:subfield></marc:datafield><marc:datafield tag="920" ind1=" " ind2=" "><marc:subfield code="a">catalog</marc:subfield></marc:datafield></marc:record>