<marc:record><marc:leader>00000nam a22      a 4500</marc:leader><marc:controlfield tag="005">20250718084409.0</marc:controlfield><marc:controlfield tag="008">050322s1835    ne     |r    |000 ||dut|d</marc:controlfield><marc:controlfield tag="001">990036751640409161</marc:controlfield><marc:datafield tag="035" ind1=" " ind2=" "><marc:subfield code="a">(BE-GnUNI)003675164</marc:subfield></marc:datafield><marc:datafield tag="035" ind1=" " ind2=" "><marc:subfield code="a">(BE-GnUNI)003675164RUG01</marc:subfield></marc:datafield><marc:datafield tag="035" ind1=" " ind2=" "><marc:subfield code="a">(BKT01)000012236</marc:subfield></marc:datafield><marc:datafield tag="040" ind1=" " ind2=" "><marc:subfield code="a">BE-GnUNI</marc:subfield></marc:datafield><marc:datafield tag="100" ind1="1" ind2=" "><marc:subfield code="a">Bähler, P. B.,</marc:subfield><marc:subfield code="d">....-</marc:subfield><marc:subfield code="0">(viaf)289395910</marc:subfield></marc:datafield><marc:datafield tag="245" ind1="1" ind2="0"><marc:subfield code="a">Guido de Brès, opsteller der Nederlandsche geloofsbelijdenis, in zijn leven en sterven, benevens eenige brieven, kort vóór het ondergaan van den marteldood uit de gevangenis aan zijne huisvrouw en moeder door hem geschreven /</marc:subfield><marc:subfield code="c">naar het Fransch, en met eene voorrede en eenige aant. voorz. [door P. B. Bähler].</marc:subfield></marc:datafield><marc:datafield tag="260" ind1=" " ind2=" "><marc:subfield code="a">Amsterdam :</marc:subfield><marc:subfield code="b">Höveker,</marc:subfield><marc:subfield code="c">1835.</marc:subfield></marc:datafield><marc:datafield tag="300" ind1=" " ind2=" "><marc:subfield code="a">65 p. ; 8°.</marc:subfield></marc:datafield><marc:datafield tag="540" ind1=" " ind2=" "><marc:subfield code="a">NOC-NC</marc:subfield></marc:datafield><marc:datafield tag="591" ind1=" " ind2=" "><marc:subfield code="a">Europeana-GoogleBooks</marc:subfield></marc:datafield><marc:datafield tag="856" ind1="4" ind2=" "><marc:subfield code="u">https://books.google.be/books?vid=GENT900000049732</marc:subfield><marc:subfield code="3">Full text</marc:subfield><marc:subfield code="y">BIB.HER.002203/1</marc:subfield></marc:datafield><marc:datafield tag="920" ind1=" " ind2=" "><marc:subfield code="a">book</marc:subfield></marc:datafield><marc:datafield tag="773" ind1="1" ind2="8"><marc:subfield code="w">990036751620409161</marc:subfield><marc:subfield code="t">Deel BIB.HER.002203/1 van verzamelband BIB.HER.002203/-1</marc:subfield><marc:subfield code="g">pt:Deel BIB.HER.002203/1: Guido de Brès, opsteller der Nederlandsche geloofsbelijdenis, in zijn leven en sterven, benevens eenige brieven, kort vóór het ondergaan van den marteldood uit de gevangenis aan zijne huisvrouw en moeder door hem geschreven / naar het Fransch, en met eene voorrede en eenige aant. voorz. [door P. B. Bähler]</marc:subfield><marc:subfield code="g">iss:02</marc:subfield></marc:datafield></marc:record>