<marc:record><marc:leader>00000nam a22      a 4500</marc:leader><marc:controlfield tag="005">20250718083836.0</marc:controlfield><marc:controlfield tag="008">050322s1827    ne     |r    |000 ||dut|d</marc:controlfield><marc:controlfield tag="001">990036751630409161</marc:controlfield><marc:datafield tag="035" ind1=" " ind2=" "><marc:subfield code="a">(BE-GnUNI)003675163</marc:subfield></marc:datafield><marc:datafield tag="035" ind1=" " ind2=" "><marc:subfield code="a">(BE-GnUNI)003675163RUG01</marc:subfield></marc:datafield><marc:datafield tag="035" ind1=" " ind2=" "><marc:subfield code="a">(BKT01)000197236</marc:subfield></marc:datafield><marc:datafield tag="040" ind1=" " ind2=" "><marc:subfield code="a">BE-GnUNI</marc:subfield></marc:datafield><marc:datafield tag="100" ind1="1" ind2=" "><marc:subfield code="a">Renier, Jacob,</marc:subfield><marc:subfield code="d">1761-1837</marc:subfield><marc:subfield code="0">(viaf)59453136</marc:subfield></marc:datafield><marc:datafield tag="245" ind1="1" ind2="3"><marc:subfield code="a">De verdiensten van Joannes van Miggrode omtrent de hervorming in Zeeland en bijzonder in de stad Vere, in een helder daglicht gesteld, [...] of Tweehonderdjarige gedachtenis-rede ter eere van bovenvermelden man /</marc:subfield><marc:subfield code="c">uitgesproken te Vere op den 1sten julij MDCCCXXVII, en met geschied- en oordeelkundige aanteekeningen verrijkt door J. Reniers.</marc:subfield></marc:datafield><marc:datafield tag="260" ind1=" " ind2=" "><marc:subfield code="a">Middelburg :</marc:subfield><marc:subfield code="b">Gebr. Abrahams,</marc:subfield><marc:subfield code="c">1827.</marc:subfield></marc:datafield><marc:datafield tag="300" ind1=" " ind2=" "><marc:subfield code="a">77 p. ; 8°.</marc:subfield></marc:datafield><marc:datafield tag="540" ind1=" " ind2=" "><marc:subfield code="a">NOC-NC</marc:subfield></marc:datafield><marc:datafield tag="591" ind1=" " ind2=" "><marc:subfield code="a">Europeana-GoogleBooks</marc:subfield></marc:datafield><marc:datafield tag="856" ind1="4" ind2=" "><marc:subfield code="u">https://books.google.be/books?vid=GENT900000049731</marc:subfield><marc:subfield code="3">Full text</marc:subfield><marc:subfield code="y">BIB.HER.002203</marc:subfield></marc:datafield><marc:datafield tag="920" ind1=" " ind2=" "><marc:subfield code="a">book</marc:subfield></marc:datafield><marc:datafield tag="773" ind1="1" ind2="8"><marc:subfield code="w">990036751620409161</marc:subfield><marc:subfield code="t">Deel BIB.HER.002203 van verzamelband BIB.HER.002203/-1</marc:subfield><marc:subfield code="g">pt:Deel BIB.HER.002203: De verdiensten van Joannes van Miggrode omtrent de hervorming in Zeeland en bijzonder in de stad Vere, in een helder daglicht gesteld, [...] of Tweehonderdjarige gedachtenis-rede ter eere van bovenvermelden man / uitgesproken te Vere op den 1sten julij MDCCCXXVII, en met geschied- en oordeelkundige aanteekeningen verrijkt door J. Reniers.</marc:subfield><marc:subfield code="g">iss:01</marc:subfield></marc:datafield></marc:record>