<marc:record><marc:leader>00000nam a22      a 4500</marc:leader><marc:controlfield tag="005">20250718082414.0</marc:controlfield><marc:controlfield tag="008">050322s1829    ne     |r    |000 ||dut|d</marc:controlfield><marc:controlfield tag="001">990036751600409161</marc:controlfield><marc:datafield tag="035" ind1=" " ind2=" "><marc:subfield code="a">(BE-GnUNI)003675160</marc:subfield></marc:datafield><marc:datafield tag="035" ind1=" " ind2=" "><marc:subfield code="a">(BE-GnUNI)003675160RUG01</marc:subfield></marc:datafield><marc:datafield tag="035" ind1=" " ind2=" "><marc:subfield code="a">(BKT01)000188563</marc:subfield></marc:datafield><marc:datafield tag="040" ind1=" " ind2=" "><marc:subfield code="a">BE-GnUNI</marc:subfield></marc:datafield><marc:datafield tag="100" ind1="1" ind2=" "><marc:subfield code="a">Kalckhoff, Johan Gerhard Carel,</marc:subfield><marc:subfield code="d">1770-1843</marc:subfield><marc:subfield code="0">(viaf)284712866</marc:subfield></marc:datafield><marc:datafield tag="245" ind1="1" ind2="0"><marc:subfield code="a">Proeve tegen de verbastering der Nederlandsche taal door beschaafde Nederlanders /</marc:subfield><marc:subfield code="c">benevens eenige bijlagen door eenen Duitschen beminnaar der Nederlandsche volkstaal [=J. G. C. Kalckhoff].</marc:subfield></marc:datafield><marc:datafield tag="260" ind1=" " ind2=" "><marc:subfield code="a">Zutphen :</marc:subfield><marc:subfield code="b">W. C. Wansleven,</marc:subfield><marc:subfield code="c">1829.</marc:subfield></marc:datafield><marc:datafield tag="300" ind1=" " ind2=" "><marc:subfield code="a">56 p. ; 8°.</marc:subfield></marc:datafield><marc:datafield tag="500" ind1=" " ind2=" "><marc:subfield code="a">Een Duitsche beminnaar der Nederlandsche volkstaal is Johan Gerhard Carel Kalckhoff</marc:subfield></marc:datafield><marc:datafield tag="540" ind1=" " ind2=" "><marc:subfield code="a">NOC-NC</marc:subfield></marc:datafield><marc:datafield tag="591" ind1=" " ind2=" "><marc:subfield code="a">Europeana-GoogleBooks</marc:subfield></marc:datafield><marc:datafield tag="856" ind1="4" ind2=" "><marc:subfield code="u">https://books.google.be/books?vid=GENT900000051181</marc:subfield><marc:subfield code="3">Full text</marc:subfield><marc:subfield code="y">BIB.HER.002202/2</marc:subfield></marc:datafield><marc:datafield tag="920" ind1=" " ind2=" "><marc:subfield code="a">book</marc:subfield></marc:datafield><marc:datafield tag="773" ind1="1" ind2="8"><marc:subfield code="w">990036751570409161</marc:subfield><marc:subfield code="t">Deel BIB.HER.002202/2 van verzamelband BIB.HER.002202/-5</marc:subfield><marc:subfield code="g">pt:Deel BIB.HER.002202/2: Proeve tegen de verbastering der Nederlandsche taal door beschaafde Nederlanders / benevens eenige bijlagen door eenen Duitschen beminnaar der Nederlandsche volkstaal [=J. G. C. Kalckhoff].</marc:subfield><marc:subfield code="g">iss:03</marc:subfield></marc:datafield></marc:record>