<marc:record><marc:leader>00000nam a2200169u  4500</marc:leader><marc:controlfield tag="005">20250718082042.0</marc:controlfield><marc:controlfield tag="008">830420s1827    ne |||||r    |000 ||dut|c</marc:controlfield><marc:controlfield tag="001">990036751590409161</marc:controlfield><marc:datafield tag="035" ind1=" " ind2=" "><marc:subfield code="a">(BE-GnUNI)003675159</marc:subfield></marc:datafield><marc:datafield tag="035" ind1=" " ind2=" "><marc:subfield code="a">(BE-GnUNI)003675159RUG01</marc:subfield></marc:datafield><marc:datafield tag="035" ind1=" " ind2=" "><marc:subfield code="a">(BKT01)000312240</marc:subfield></marc:datafield><marc:datafield tag="040" ind1=" " ind2=" "><marc:subfield code="a">BeLvLBS</marc:subfield></marc:datafield><marc:datafield tag="100" ind1="1" ind2=" "><marc:subfield code="a">Siegenbeek, Matthijs,</marc:subfield><marc:subfield code="d">1774-1854</marc:subfield><marc:subfield code="0">(viaf)69275426</marc:subfield></marc:datafield><marc:datafield tag="245" ind1="1" ind2="0"><marc:subfield code="a">Taalkundige bedenkingen, voornamelijk betreffende het verschil tusschen de aangenomene spelling en die van Mr. W. Bilderdijk /</marc:subfield><marc:subfield code="c">Matthijs Siegenbeek ; voorafgegaan door een brief van J. H. van der Palm.</marc:subfield></marc:datafield><marc:datafield tag="260" ind1=" " ind2=" "><marc:subfield code="a">Haarlem :</marc:subfield><marc:subfield code="b">Loosjes,</marc:subfield><marc:subfield code="c">1827.</marc:subfield></marc:datafield><marc:datafield tag="300" ind1=" " ind2=" "><marc:subfield code="a">XVI, 104 p.</marc:subfield></marc:datafield><marc:datafield tag="540" ind1=" " ind2=" "><marc:subfield code="a">NOC-NC</marc:subfield></marc:datafield><marc:datafield tag="591" ind1=" " ind2=" "><marc:subfield code="a">Europeana-GoogleBooks</marc:subfield></marc:datafield><marc:datafield tag="700" ind1="1" ind2=" "><marc:subfield code="a">Van der Palm, Johannes Hendrik,</marc:subfield><marc:subfield code="d">1763-1840</marc:subfield><marc:subfield code="0">(viaf)12653583</marc:subfield></marc:datafield><marc:datafield tag="856" ind1="4" ind2=" "><marc:subfield code="u">https://books.google.be/books?vid=GENT900000051180</marc:subfield><marc:subfield code="3">Full text</marc:subfield><marc:subfield code="y">BIB.HER.002202/1</marc:subfield></marc:datafield><marc:datafield tag="920" ind1=" " ind2=" "><marc:subfield code="a">book</marc:subfield></marc:datafield><marc:datafield tag="SID" ind1=" " ind2=" "><marc:subfield code="a">Z39</marc:subfield><marc:subfield code="b">OPAC01</marc:subfield></marc:datafield><marc:datafield tag="773" ind1="1" ind2="8"><marc:subfield code="w">990036751570409161</marc:subfield><marc:subfield code="t">Deel BIB.HER.002202/1 van verzamelband BIB.HER.002202/-5</marc:subfield><marc:subfield code="g">pt:Deel BIB.HER.002202/1: Taalkundige bedenkingen, voornamelijk betreffende het verschil tusschen de aangenomene spelling en die van Mr. W. Bilderdijk / Matthijs Siegenbeek ; voorafgegaan door een brief van J. H. van der Palm.</marc:subfield><marc:subfield code="g">iss:02</marc:subfield></marc:datafield></marc:record>