<marc:record><marc:leader>00000nam a22      a 4500</marc:leader><marc:controlfield tag="005">20250718081951.0</marc:controlfield><marc:controlfield tag="008">050322s1826    ne     |r    |000 ||dut|d</marc:controlfield><marc:controlfield tag="001">990036751580409161</marc:controlfield><marc:datafield tag="035" ind1=" " ind2=" "><marc:subfield code="a">(BE-GnUNI)003675158</marc:subfield></marc:datafield><marc:datafield tag="035" ind1=" " ind2=" "><marc:subfield code="a">(BE-GnUNI)003675158RUG01</marc:subfield></marc:datafield><marc:datafield tag="035" ind1=" " ind2=" "><marc:subfield code="a">(BKT01)000149773</marc:subfield></marc:datafield><marc:datafield tag="040" ind1=" " ind2=" "><marc:subfield code="a">BE-GnUNI</marc:subfield></marc:datafield><marc:datafield tag="100" ind1="1" ind2=" "><marc:subfield code="a">Lulofs, Barthold Henrik,</marc:subfield><marc:subfield code="d">1787-1849</marc:subfield><marc:subfield code="0">(viaf)74636129</marc:subfield></marc:datafield><marc:datafield tag="245" ind1="1" ind2="0"><marc:subfield code="a">Vlugtige woorden over Nederlandsche taalzuivering en taalverrijking, inzonderheid ook met opzigt tot hetgene de nieuwe wetboeken daartoe kunnen en zullen bijdragen /</marc:subfield><marc:subfield code="c">door B. H. Lulofs.</marc:subfield></marc:datafield><marc:datafield tag="260" ind1=" " ind2=" "><marc:subfield code="a">Te Groningen :</marc:subfield><marc:subfield code="b">bij J. Oomkens,</marc:subfield><marc:subfield code="c">1826.</marc:subfield></marc:datafield><marc:datafield tag="300" ind1=" " ind2=" "><marc:subfield code="a">43 p. ; 8°.</marc:subfield></marc:datafield><marc:datafield tag="540" ind1=" " ind2=" "><marc:subfield code="a">NOC-NC</marc:subfield></marc:datafield><marc:datafield tag="591" ind1=" " ind2=" "><marc:subfield code="a">Europeana-GoogleBooks</marc:subfield></marc:datafield><marc:datafield tag="856" ind1="4" ind2=" "><marc:subfield code="u">https://books.google.be/books?vid=GENT900000051179</marc:subfield><marc:subfield code="3">Full text</marc:subfield><marc:subfield code="y">BIB.HER.002202</marc:subfield></marc:datafield><marc:datafield tag="920" ind1=" " ind2=" "><marc:subfield code="a">book</marc:subfield></marc:datafield><marc:datafield tag="773" ind1="1" ind2="8"><marc:subfield code="w">990036751570409161</marc:subfield><marc:subfield code="t">Deel BIB.HER.002202 van verzamelband BIB.HER.002202/-5</marc:subfield><marc:subfield code="g">pt:Deel BIB.HER.002202: Vlugtige woorden over Nederlandsche taalzuivering en taalverrijking, inzonderheid ook met opzigt tot hetgene de nieuwe wetboeken daartoe kunnen en zullen bijdragen / door B. H. Lulofs.</marc:subfield><marc:subfield code="g">iss:01</marc:subfield></marc:datafield></marc:record>