<marc:record><marc:leader>00707cam a2200229 c 4500</marc:leader><marc:controlfield tag="005">20250918232117.0</marc:controlfield><marc:controlfield tag="008">151030s2015    xxk|||||r    |00| ||eng|c</marc:controlfield><marc:controlfield tag="001">990036751530409161</marc:controlfield><marc:datafield tag="020" ind1=" " ind2=" "><marc:subfield code="a">9781472914774</marc:subfield></marc:datafield><marc:datafield tag="035" ind1=" " ind2=" "><marc:subfield code="a">(RUG01)003675153</marc:subfield></marc:datafield><marc:datafield tag="035" ind1=" " ind2=" "><marc:subfield code="a">(DE-627)838152082</marc:subfield></marc:datafield><marc:datafield tag="035" ind1=" " ind2=" "><marc:subfield code="a">(DE-599)BVBBV042934741</marc:subfield></marc:datafield><marc:datafield tag="035" ind1=" " ind2=" "><marc:subfield code="a">(OCoLC)930859693</marc:subfield></marc:datafield><marc:datafield tag="035" ind1=" " ind2=" "><marc:subfield code="a">(DE-604)BV042934741</marc:subfield></marc:datafield><marc:datafield tag="040" ind1=" " ind2=" "><marc:subfield code="a">DE-627</marc:subfield><marc:subfield code="b">ger</marc:subfield><marc:subfield code="c">DE-627</marc:subfield><marc:subfield code="e">rakwb</marc:subfield></marc:datafield><marc:datafield tag="100" ind1="1" ind2=" "><marc:subfield code="a">Furedi, Frank,</marc:subfield><marc:subfield code="d">1947-</marc:subfield><marc:subfield code="0">(viaf)</marc:subfield><marc:subfield code="4">aut</marc:subfield></marc:datafield><marc:datafield tag="245" ind1="1" ind2="0"><marc:subfield code="a">Power of reading :</marc:subfield><marc:subfield code="b">from Socrates to Twitter /</marc:subfield><marc:subfield code="c">Frank Furedi.</marc:subfield></marc:datafield><marc:datafield tag="260" ind1=" " ind2=" "><marc:subfield code="a">London</marc:subfield><marc:subfield code="a">New York :</marc:subfield><marc:subfield code="b">Bloomsbury,</marc:subfield><marc:subfield code="c">2015.</marc:subfield></marc:datafield><marc:datafield tag="264" ind1=" " ind2="1"><marc:subfield code="a">London</marc:subfield><marc:subfield code="a">New York :</marc:subfield><marc:subfield code="b">Bloomsbury,</marc:subfield><marc:subfield code="c">2015.</marc:subfield></marc:datafield><marc:datafield tag="300" ind1=" " ind2=" "><marc:subfield code="a">X, 262 Seiten.</marc:subfield></marc:datafield><marc:datafield tag="920" ind1=" " ind2=" "><marc:subfield code="a">book</marc:subfield></marc:datafield><marc:datafield tag="SID" ind1=" " ind2=" "><marc:subfield code="a">Z39</marc:subfield><marc:subfield code="b">K10PLUS</marc:subfield></marc:datafield></marc:record>