<marc:record><marc:leader>00429nas a2200145 a 4500</marc:leader><marc:controlfield tag="005">20250918123729.0</marc:controlfield><marc:controlfield tag="008">250717|uuuuuuuuxx || p|r#|||||   ||   |d</marc:controlfield><marc:controlfield tag="001">990036751520409161</marc:controlfield><marc:datafield tag="022" ind1=" " ind2=" "><marc:subfield code="a">0169-3328</marc:subfield></marc:datafield><marc:datafield tag="035" ind1=" " ind2=" "><marc:subfield code="a">(RUG01)003675152</marc:subfield></marc:datafield><marc:datafield tag="040" ind1=" " ind2=" "><marc:subfield code="a">BE-GnUNI</marc:subfield></marc:datafield><marc:datafield tag="245" ind1="0" ind2="0"><marc:subfield code="a">Roestvast staal :</marc:subfield><marc:subfield code="b">vakblad overrvs en andere hoogwaardige legeringen.</marc:subfield></marc:datafield><marc:datafield tag="246" ind1="2" ind2=" "><marc:subfield code="a">RoestvaSTAAL</marc:subfield></marc:datafield><marc:datafield tag="260" ind1=" " ind2=" "><marc:subfield code="a">Leiden :</marc:subfield><marc:subfield code="b">Technologie Communicatie Markt,</marc:subfield><marc:subfield code="c">n.d.</marc:subfield></marc:datafield><marc:datafield tag="920" ind1=" " ind2=" "><marc:subfield code="a">periodical</marc:subfield></marc:datafield></marc:record>