<marc:record><marc:leader>00601nas a2200181 a 4500</marc:leader><marc:controlfield tag="005">20250918123705.0</marc:controlfield><marc:controlfield tag="008">250717|uuuuuuuuxx || p|r#|||||   ||   |d</marc:controlfield><marc:controlfield tag="001">990036751510409161</marc:controlfield><marc:datafield tag="035" ind1=" " ind2=" "><marc:subfield code="a">(RUG01)003675151</marc:subfield></marc:datafield><marc:datafield tag="040" ind1=" " ind2=" "><marc:subfield code="a">BE-GnUNI</marc:subfield></marc:datafield><marc:datafield tag="245" ind1="0" ind2="4"><marc:subfield code="a">The modern engineer.</marc:subfield></marc:datafield><marc:datafield tag="260" ind1=" " ind2=" "><marc:subfield code="a">Melbourne :</marc:subfield><marc:subfield code="b">s.n.,</marc:subfield><marc:subfield code="c">s.d.</marc:subfield></marc:datafield><marc:datafield tag="500" ind1=" " ind2=" "><marc:subfield code="a">Incorporating &quot;Mechanical and welding engineer&quot; Established 1927</marc:subfield></marc:datafield><marc:datafield tag="710" ind1="2" ind2=" "><marc:subfield code="a">Melbourne university metallurgy society</marc:subfield></marc:datafield><marc:datafield tag="710" ind1="2" ind2=" "><marc:subfield code="a">Australian institute of automotive engineers</marc:subfield></marc:datafield><marc:datafield tag="710" ind1="2" ind2=" "><marc:subfield code="a">Australian welding institute</marc:subfield></marc:datafield><marc:datafield tag="710" ind1="2" ind2=" "><marc:subfield code="a">Association of charge engineers (Aust.)</marc:subfield></marc:datafield><marc:datafield tag="920" ind1=" " ind2=" "><marc:subfield code="a">periodical</marc:subfield></marc:datafield></marc:record>