<marc:record><marc:leader>00572ntm a2200181 a 4500</marc:leader><marc:controlfield tag="005">20250918104522.0</marc:controlfield><marc:controlfield tag="008">250717|||||||||be |||||rm||||||| ||dut|d</marc:controlfield><marc:controlfield tag="001">990036751420409161</marc:controlfield><marc:datafield tag="035" ind1=" " ind2=" "><marc:subfield code="a">(RUG01)003675142</marc:subfield></marc:datafield><marc:datafield tag="040" ind1=" " ind2=" "><marc:subfield code="a">BE-GnUNI</marc:subfield></marc:datafield><marc:datafield tag="100" ind1="1" ind2=" "><marc:subfield code="a">Allewaert, J.,</marc:subfield><marc:subfield code="d">....-</marc:subfield><marc:subfield code="0">(viaf)0</marc:subfield></marc:datafield><marc:datafield tag="245" ind1="1" ind2="0"><marc:subfield code="a">Onderzoek met behulp der Wilsonkamer betreffende de veelvoudige verstrooiing van electronen in gassen en dunne folies /</marc:subfield><marc:subfield code="c">door J. Allewaert.</marc:subfield></marc:datafield><marc:datafield tag="260" ind1=" " ind2=" "><marc:subfield code="c">n.d.</marc:subfield></marc:datafield><marc:datafield tag="300" ind1=" " ind2=" "><marc:subfield code="a">77 p.: ill.</marc:subfield></marc:datafield><marc:datafield tag="502" ind1=" " ind2=" "><marc:subfield code="a">(Licentaats/Doctoraats?) verhandeling</marc:subfield></marc:datafield><marc:datafield tag="710" ind1="2" ind2=" "><marc:subfield code="a">RUG.</marc:subfield></marc:datafield><marc:datafield tag="920" ind1=" " ind2=" "><marc:subfield code="a">master</marc:subfield></marc:datafield><marc:datafield tag="922" ind1=" " ind2=" "><marc:subfield code="a">UGENT-WE</marc:subfield></marc:datafield></marc:record>