<marc:record><marc:leader>00309nas a2200121 a 4500</marc:leader><marc:controlfield tag="005">20250918123704.0</marc:controlfield><marc:controlfield tag="008">250717|uuuuuuuuxx || p|r#|||||   ||   |d</marc:controlfield><marc:controlfield tag="001">990036751410409161</marc:controlfield><marc:datafield tag="035" ind1=" " ind2=" "><marc:subfield code="a">(RUG01)003675141</marc:subfield></marc:datafield><marc:datafield tag="040" ind1=" " ind2=" "><marc:subfield code="a">BE-GnUNI</marc:subfield></marc:datafield><marc:datafield tag="245" ind1="0" ind2="0"><marc:subfield code="a">Electric welding.</marc:subfield></marc:datafield><marc:datafield tag="260" ind1=" " ind2=" "><marc:subfield code="a">London :</marc:subfield><marc:subfield code="b">Quasi-Arc Company,</marc:subfield><marc:subfield code="c">n.d.</marc:subfield></marc:datafield><marc:datafield tag="920" ind1=" " ind2=" "><marc:subfield code="a">periodical</marc:subfield></marc:datafield></marc:record>