<marc:record><marc:leader>01146njm a2200253 a 4500</marc:leader><marc:controlfield tag="005">20250918114917.0</marc:controlfield><marc:controlfield tag="008">250708nuuuuuuuuxx |||||#|||||||| | eng|d</marc:controlfield><marc:controlfield tag="001">990036751370409161</marc:controlfield><marc:datafield tag="028" ind1="1" ind2="0"><marc:subfield code="a">XCO 33976</marc:subfield><marc:subfield code="b">Columbia</marc:subfield></marc:datafield><marc:datafield tag="028" ind1="1" ind2="0"><marc:subfield code="a">XCO 33977</marc:subfield><marc:subfield code="b">Columbia</marc:subfield></marc:datafield><marc:datafield tag="028" ind1="2" ind2="0"><marc:subfield code="a">D.X. 1206</marc:subfield><marc:subfield code="b">Columbia</marc:subfield></marc:datafield><marc:datafield tag="035" ind1=" " ind2=" "><marc:subfield code="a">(RUG01)003675137</marc:subfield></marc:datafield><marc:datafield tag="040" ind1=" " ind2=" "><marc:subfield code="a">BE-GnUNI</marc:subfield></marc:datafield><marc:datafield tag="100" ind1="1" ind2=" "><marc:subfield code="a">Čajkovskij, Pëtr Il&apos;ič,</marc:subfield><marc:subfield code="d">1840-1893</marc:subfield><marc:subfield code="0">(viaf)99258155</marc:subfield><marc:subfield code="4">cmp</marc:subfield></marc:datafield><marc:datafield tag="245" ind1="1" ind2="0"><marc:subfield code="a">Symphony no. 6 in B minor (&quot;Pathétique&quot;), part 3, 1st movement; part 4, 1st movement, Op. 74 /</marc:subfield><marc:subfield code="c">Tchaikovsky; Philharmonic Symphony Orchestra of New York; cond. by Artur Rodziński.</marc:subfield></marc:datafield><marc:datafield tag="260" ind1=" " ind2=" "><marc:subfield code="a">S.l. :</marc:subfield><marc:subfield code="b">Columbia,</marc:subfield><marc:subfield code="c">n.d.</marc:subfield></marc:datafield><marc:datafield tag="300" ind1=" " ind2=" "><marc:subfield code="a">1 grammofoonplaat :</marc:subfield><marc:subfield code="b">78 rpm ;</marc:subfield><marc:subfield code="c">30 cm.</marc:subfield></marc:datafield><marc:datafield tag="490" ind1="0" ind2=" "><marc:subfield code="a">Magic notes</marc:subfield></marc:datafield><marc:datafield tag="505" ind1="0" ind2=" "><marc:subfield code="a">1. Symphony no. 6 in B minor (&quot;Pathétique&quot;), part 3, 1st movement: adagio: allegro non troppo, 3rd part</marc:subfield></marc:datafield><marc:datafield tag="505" ind1="0" ind2=" "><marc:subfield code="a">2. Symphony no. 6 in B minor (&quot;Pathétique&quot;), part 4, 1st movement: adagio: allegro non troppo, conclusion</marc:subfield></marc:datafield><marc:datafield tag="700" ind1="1" ind2=" "><marc:subfield code="a">Rodziński, Artur,</marc:subfield><marc:subfield code="d">1892-1958</marc:subfield><marc:subfield code="0">(viaf)19866758</marc:subfield><marc:subfield code="4">cnd</marc:subfield></marc:datafield><marc:datafield tag="710" ind1="2" ind2=" "><marc:subfield code="a">Philharmonic Symphony Orchestra, New York</marc:subfield><marc:subfield code="4">prf</marc:subfield></marc:datafield><marc:datafield tag="710" ind1="2" ind2=" "><marc:subfield code="a">The Columbia Graphophone</marc:subfield></marc:datafield><marc:datafield tag="920" ind1=" " ind2=" "><marc:subfield code="a">audio</marc:subfield></marc:datafield></marc:record>