<marc:record><marc:leader>00700nam a2200205 a 4500</marc:leader><marc:controlfield tag="005">20250917111823.0</marc:controlfield><marc:controlfield tag="008">250717|||||||||be |||||rm||||||| ||dut|d</marc:controlfield><marc:controlfield tag="001">990036751340409161</marc:controlfield><marc:datafield tag="035" ind1=" " ind2=" "><marc:subfield code="a">(RUG01)003675134</marc:subfield></marc:datafield><marc:datafield tag="035" ind1=" " ind2=" "><marc:subfield code="a">(BIBLIO)XXX</marc:subfield></marc:datafield><marc:datafield tag="040" ind1=" " ind2=" "><marc:subfield code="a">BE-GnUNI</marc:subfield></marc:datafield><marc:datafield tag="100" ind1="1" ind2=" "><marc:subfield code="a">Van Eyck, M. J. Mich.,</marc:subfield><marc:subfield code="d">....-</marc:subfield><marc:subfield code="0">(viaf)0</marc:subfield></marc:datafield><marc:datafield tag="245" ind1="1" ind2="4"><marc:subfield code="a">Een bijdrage tot de kennis van het Faradayeffect /</marc:subfield><marc:subfield code="c">M. J. Mich. Van Eyck.</marc:subfield></marc:datafield><marc:datafield tag="260" ind1=" " ind2=" "><marc:subfield code="a">S.l. :</marc:subfield><marc:subfield code="b">s.n.,</marc:subfield><marc:subfield code="c">n.d.</marc:subfield></marc:datafield><marc:datafield tag="300" ind1=" " ind2=" "><marc:subfield code="a">118 p.: ill.</marc:subfield></marc:datafield><marc:datafield tag="502" ind1=" " ind2=" "><marc:subfield code="a">Proefschrift voorgelegd tot het bekomen van de graad van Doctor in de Wetenschappen: Natuurkunde</marc:subfield></marc:datafield><marc:datafield tag="700" ind1="1" ind2=" "><marc:subfield code="a">Verschaffelt, J. E.</marc:subfield><marc:subfield code="q">(Jules E.),</marc:subfield><marc:subfield code="d">1870-1955</marc:subfield><marc:subfield code="0">(viaf)57427456</marc:subfield><marc:subfield code="e">promotor</marc:subfield></marc:datafield><marc:datafield tag="710" ind1="2" ind2=" "><marc:subfield code="a">RUG.</marc:subfield></marc:datafield><marc:datafield tag="920" ind1=" " ind2=" "><marc:subfield code="a">phd</marc:subfield></marc:datafield><marc:datafield tag="922" ind1=" " ind2=" "><marc:subfield code="a">UGENT-WE</marc:subfield></marc:datafield></marc:record>