<marc:record><marc:leader>01299ntm a2200253 a 4500</marc:leader><marc:controlfield tag="005">20250917111822.0</marc:controlfield><marc:controlfield tag="008">190128|2024||||be |||||rm||||||| ||   |d</marc:controlfield><marc:controlfield tag="001">990036751230409161</marc:controlfield><marc:datafield tag="020" ind1=" " ind2=" "><marc:subfield code="a">9789463578110</marc:subfield></marc:datafield><marc:datafield tag="035" ind1=" " ind2=" "><marc:subfield code="a">(RUG01)003675123</marc:subfield></marc:datafield><marc:datafield tag="035" ind1=" " ind2=" "><marc:subfield code="a">(BIBLIO)8576485</marc:subfield></marc:datafield><marc:datafield tag="040" ind1=" " ind2=" "><marc:subfield code="a">BE-GnUNI</marc:subfield></marc:datafield><marc:datafield tag="100" ind1="1" ind2=" "><marc:subfield code="a">De Baerdemaeker, Klaas,</marc:subfield><marc:subfield code="d">1997-</marc:subfield><marc:subfield code="0">(ugent)01508533</marc:subfield><marc:subfield code="0">(viaf)</marc:subfield></marc:datafield><marc:datafield tag="245" ind1="1" ind2="0"><marc:subfield code="a">Non-thermal dielectric barrier discharge plasma as innovative technology for microbial surface decontamination of foods :</marc:subfield><marc:subfield code="b">from model systems to real food matrices /</marc:subfield><marc:subfield code="c">Klaas de Baerdemaeker.</marc:subfield></marc:datafield><marc:datafield tag="246" ind1="2" ind2=" "><marc:subfield code="a">Niet-thermisch diëlektrische barrière-ontlading plasma als innovatieve technologie voor microbiële oppervlakte decontaminatie van levensmiddelen</marc:subfield><marc:subfield code="b">van modelsystemen naar echte voedselmatrices</marc:subfield></marc:datafield><marc:datafield tag="260" ind1=" " ind2=" "><marc:subfield code="c">2024.</marc:subfield></marc:datafield><marc:datafield tag="300" ind1=" " ind2=" "><marc:subfield code="a">Xxxii, 217 p.: ill.</marc:subfield></marc:datafield><marc:datafield tag="502" ind1=" " ind2=" "><marc:subfield code="a">Thesis submitted in fulfillment of the requirements for the degree of Doctor (PhD) of Bioscience Engineering</marc:subfield></marc:datafield><marc:datafield tag="710" ind1="2" ind2=" "><marc:subfield code="a">Ghent University.</marc:subfield><marc:subfield code="b">Faculty of Bioscience Engineering.</marc:subfield></marc:datafield><marc:datafield tag="700" ind1="1" ind2=" "><marc:subfield code="a">Devlieghere, Frank,</marc:subfield><marc:subfield code="d">1968-</marc:subfield><marc:subfield code="0">(ugent)801000909433</marc:subfield><marc:subfield code="0">(viaf)188801846</marc:subfield><marc:subfield code="e">promotor</marc:subfield></marc:datafield><marc:datafield tag="700" ind1="1" ind2=" "><marc:subfield code="a">De Geyter, Nathalie,</marc:subfield><marc:subfield code="d">1981-</marc:subfield><marc:subfield code="0">(ugent)801001862760</marc:subfield><marc:subfield code="0">(viaf)</marc:subfield><marc:subfield code="e">promotor</marc:subfield></marc:datafield><marc:datafield tag="700" ind1="1" ind2=" "><marc:subfield code="a">Nikiforov, Anton,</marc:subfield><marc:subfield code="d">1978-</marc:subfield><marc:subfield code="0">(ugent)801001961275</marc:subfield><marc:subfield code="0">(viaf)</marc:subfield><marc:subfield code="e">promotor</marc:subfield></marc:datafield><marc:datafield tag="920" ind1=" " ind2=" "><marc:subfield code="a">phd</marc:subfield></marc:datafield><marc:datafield tag="922" ind1=" " ind2=" "><marc:subfield code="a">UGENT-BW</marc:subfield></marc:datafield></marc:record>