<marc:record><marc:leader>00829nam a2200229 a 4500</marc:leader><marc:controlfield tag="005">20250918232111.0</marc:controlfield><marc:controlfield tag="008">250717|1873||||xx |||||r|||||||| ||fre|d</marc:controlfield><marc:controlfield tag="001">990036751160409161</marc:controlfield><marc:datafield tag="035" ind1=" " ind2=" "><marc:subfield code="a">(RUG01)003675116</marc:subfield></marc:datafield><marc:datafield tag="035" ind1=" " ind2=" "><marc:subfield code="a">(BKT01)000311861</marc:subfield></marc:datafield><marc:datafield tag="040" ind1=" " ind2=" "><marc:subfield code="a">BE-GnUNI</marc:subfield></marc:datafield><marc:datafield tag="100" ind1="1" ind2=" "><marc:subfield code="a">von Hübner, Joseph Alexander,</marc:subfield><marc:subfield code="c">Graf,</marc:subfield><marc:subfield code="d">1811-1892</marc:subfield><marc:subfield code="0">(viaf)11880</marc:subfield></marc:datafield><marc:datafield tag="245" ind1="1" ind2="0"><marc:subfield code="a">Promenade autour du monde, 1871 /</marc:subfield><marc:subfield code="c">par M. le baron de Hübner.</marc:subfield></marc:datafield><marc:datafield tag="260" ind1=" " ind2=" "><marc:subfield code="a">Paris :</marc:subfield><marc:subfield code="b">Hachette,</marc:subfield><marc:subfield code="c">1873.</marc:subfield></marc:datafield><marc:datafield tag="300" ind1=" " ind2=" "><marc:subfield code="a">2 v. ;</marc:subfield><marc:subfield code="c">19 cm.</marc:subfield></marc:datafield><marc:datafield tag="505" ind1="0" ind2=" "><marc:subfield code="a">V. 1. 1. partie. Amérique. - 2. partie. Japon.</marc:subfield></marc:datafield><marc:datafield tag="505" ind1="0" ind2=" "><marc:subfield code="a">V. 2. 2. partie. Japon (suite et fin.). - 3. partie. Chine.</marc:subfield></marc:datafield><marc:datafield tag="540" ind1=" " ind2=" "><marc:subfield code="a">NOC-NC</marc:subfield></marc:datafield><marc:datafield tag="591" ind1=" " ind2=" "><marc:subfield code="a">Europeana-GoogleBooks</marc:subfield></marc:datafield><marc:datafield tag="650" ind1=" " ind2="0"><marc:subfield code="a">Voyages and travels.</marc:subfield></marc:datafield><marc:datafield tag="856" ind1="4" ind2=" "><marc:subfield code="u">https://books.google.be/books?vid=GENT900000219137</marc:subfield><marc:subfield code="3">Full text v.1</marc:subfield><marc:subfield code="y">BIB.HER.004131</marc:subfield></marc:datafield><marc:datafield tag="920" ind1=" " ind2=" "><marc:subfield code="a">book</marc:subfield></marc:datafield></marc:record>