<marc:record><marc:leader>00000nam a22      a 4500</marc:leader><marc:controlfield tag="005">20250717105008.0</marc:controlfield><marc:controlfield tag="008">250717s1609    be |||||r|||||||| ||dut|d</marc:controlfield><marc:controlfield tag="001">990036751050409161</marc:controlfield><marc:datafield tag="035" ind1=" " ind2=" "><marc:subfield code="a">(BE-GnUNI)003675105</marc:subfield></marc:datafield><marc:datafield tag="035" ind1=" " ind2=" "><marc:subfield code="a">(BE-GnUNI)003675105RUG01</marc:subfield></marc:datafield><marc:datafield tag="040" ind1=" " ind2=" "><marc:subfield code="a">BE-GnUNI</marc:subfield></marc:datafield><marc:datafield tag="100" ind1="1" ind2=" "><marc:subfield code="a">Vrancx, Cornelius Columbanus,</marc:subfield><marc:subfield code="d">1530?-1615</marc:subfield><marc:subfield code="0">(viaf)250492322</marc:subfield></marc:datafield><marc:datafield tag="245" ind1="1" ind2="4"><marc:subfield code="a">Een vriendelicke Tsamen-spraecke: Tusschen eenen Catholijck, ende eene Gheus. Aengaende dat heyligh Auondmael: Onse lieue Vrauwe; Den Paus, ende die Beelden. /</marc:subfield><marc:subfield code="c">Ghemaeckt door Heer. Corn. Columbanus Vrancx, lienctiaet inder Godtheyt, Abt van sinte Pieters Clooster neffens Ghend.</marc:subfield></marc:datafield><marc:datafield tag="260" ind1=" " ind2=" "><marc:subfield code="a">Te Ghendt :</marc:subfield><marc:subfield code="b">By Gaultier Manilius,</marc:subfield><marc:subfield code="c">1609.</marc:subfield></marc:datafield><marc:datafield tag="300" ind1=" " ind2=" "><marc:subfield code="a">78 p.</marc:subfield></marc:datafield><marc:datafield tag="541" ind1=" " ind2=" "><marc:subfield code="3">BIB.G.055001/1</marc:subfield><marc:subfield code="c">Veiling</marc:subfield><marc:subfield code="a">Arenberg Auctions</marc:subfield><marc:subfield code="d">00/12/2024</marc:subfield><marc:subfield code="e">Lotnr. 899</marc:subfield></marc:datafield><marc:datafield tag="700" ind1="1" ind2=" "><marc:subfield code="a">Manilius, Gualterus,</marc:subfield><marc:subfield code="d">active 1574-1627</marc:subfield><marc:subfield code="0">(viaf)304951624</marc:subfield><marc:subfield code="4">prt</marc:subfield></marc:datafield><marc:datafield tag="920" ind1=" " ind2=" "><marc:subfield code="a">book</marc:subfield></marc:datafield><marc:datafield tag="773" ind1="1" ind2="8"><marc:subfield code="w">990036750990409161</marc:subfield><marc:subfield code="t">Deel BIB.G.055001/1 van verzamelband BIB.G.055001/-2</marc:subfield><marc:subfield code="g">pt:Deel BIB.G.055001/1: Een vriendelicke Tsamen-spraecke: Tusschen eenen Catholijck, ende eene Gheus. Aengaende dat heyligh Auondmael: Onse lieue Vrauwe; Den Paus, ende die Beelden.</marc:subfield><marc:subfield code="g">iss:02</marc:subfield></marc:datafield></marc:record>