<marc:record><marc:leader>00000nam a22      a 4500</marc:leader><marc:controlfield tag="005">20250717103801.0</marc:controlfield><marc:controlfield tag="008">250717s1578    xx |||||r|||||||| ||dut|d</marc:controlfield><marc:controlfield tag="001">990036751020409161</marc:controlfield><marc:datafield tag="035" ind1=" " ind2=" "><marc:subfield code="a">(BE-GnUNI)003675102</marc:subfield></marc:datafield><marc:datafield tag="035" ind1=" " ind2=" "><marc:subfield code="a">(BE-GnUNI)003675102RUG01</marc:subfield></marc:datafield><marc:datafield tag="040" ind1=" " ind2=" "><marc:subfield code="a">BE-GnUNI</marc:subfield></marc:datafield><marc:datafield tag="100" ind1="1" ind2=" "><marc:subfield code="a">Duncanus, Martinus,</marc:subfield><marc:subfield code="d">1505-1590</marc:subfield><marc:subfield code="0">(viaf)54487862</marc:subfield></marc:datafield><marc:datafield tag="245" ind1="1" ind2="0"><marc:subfield code="a">Corte confvtatie ende vvederleghinghe van een fenijnich Boeck des Byencorf der H. Roomscher Kercken /</marc:subfield><marc:subfield code="c">Ghemaeckt door den seer gheleerden heer M. Martinus Donckanus, Pastoor tot Amsterdam.</marc:subfield></marc:datafield><marc:datafield tag="260" ind1=" " ind2=" "><marc:subfield code="a">[S.l.] :</marc:subfield><marc:subfield code="b">[s.n.],</marc:subfield><marc:subfield code="c">Ghedruct int Iaer 1578.</marc:subfield></marc:datafield><marc:datafield tag="300" ind1=" " ind2=" "><marc:subfield code="a">[2], 126 p.</marc:subfield></marc:datafield><marc:datafield tag="541" ind1=" " ind2=" "><marc:subfield code="3">BIB.G.055001/-2</marc:subfield><marc:subfield code="c">Veiling</marc:subfield><marc:subfield code="a">Arenberg Auctions</marc:subfield><marc:subfield code="d">00/12/2024</marc:subfield><marc:subfield code="e">Lotnr. 899</marc:subfield></marc:datafield><marc:datafield tag="561" ind1=" " ind2=" "><marc:subfield code="3">BIB.G.055001/-2</marc:subfield><marc:subfield code="a">Ex Libris V. Dela Montagne</marc:subfield></marc:datafield><marc:datafield tag="561" ind1=" " ind2=" "><marc:subfield code="3">BIB.G.055001/-2</marc:subfield><marc:subfield code="a">Herkomst: J. Sterckx, S.-Niklaas, d.d. 25/01/1947</marc:subfield></marc:datafield><marc:datafield tag="561" ind1=" " ind2=" "><marc:subfield code="3">BIB.G.055001/-2</marc:subfield><marc:subfield code="a">Herkomst: S.L., Dordrecht, d.d. 21/01/1992</marc:subfield></marc:datafield><marc:datafield tag="920" ind1=" " ind2=" "><marc:subfield code="a">book</marc:subfield></marc:datafield><marc:datafield tag="773" ind1="1" ind2="8"><marc:subfield code="w">990036750990409161</marc:subfield><marc:subfield code="t">Deel BIB.G.055001 van verzamelband BIB.G.055001/-2</marc:subfield><marc:subfield code="g">pt:Deel BIB.G.055001: Corte confvtatie ende vvederleghinghe van een fenijnich Boeck des Byencorf der H. Roomscher Kercken</marc:subfield><marc:subfield code="g">iss:01</marc:subfield></marc:datafield></marc:record>