<marc:record><marc:leader>01446nam a2200277 u 4500</marc:leader><marc:controlfield tag="005">20250918232117.0</marc:controlfield><marc:controlfield tag="008">080930m18531855xx     |r    |000 ||fre|d</marc:controlfield><marc:controlfield tag="001">990036751010409161</marc:controlfield><marc:datafield tag="035" ind1=" " ind2=" "><marc:subfield code="a">(RUG01)003675101</marc:subfield></marc:datafield><marc:datafield tag="035" ind1=" " ind2=" "><marc:subfield code="a">(BKT01)000311991</marc:subfield></marc:datafield><marc:datafield tag="040" ind1=" " ind2=" "><marc:subfield code="a">BE-GnUNI</marc:subfield></marc:datafield><marc:datafield tag="100" ind1="1" ind2=" "><marc:subfield code="a">Hugo, Victor,</marc:subfield><marc:subfield code="d">1802-1885</marc:subfield><marc:subfield code="0">(viaf)9847974</marc:subfield></marc:datafield><marc:datafield tag="245" ind1="1" ind2="0"><marc:subfield code="a">Oeuvres illustrées de Victor Hugo /</marc:subfield><marc:subfield code="c">Notes et préfaces par l&apos;auteur.</marc:subfield></marc:datafield><marc:datafield tag="260" ind1=" " ind2=" "><marc:subfield code="a">Paris :</marc:subfield><marc:subfield code="b">Hetzel,</marc:subfield><marc:subfield code="c">1853-1855.</marc:subfield></marc:datafield><marc:datafield tag="300" ind1=" " ind2=" "><marc:subfield code="a">4 v. :</marc:subfield><marc:subfield code="b">ill. ;</marc:subfield><marc:subfield code="c">28 cm.</marc:subfield></marc:datafield><marc:datafield tag="500" ind1=" " ind2=" "><marc:subfield code="a">Dessins par J. A. Beaucé, Gavarni, Gérard Seguin, C. Nanteuil, Lancelot, Faulquier, E. Lorsay</marc:subfield></marc:datafield><marc:datafield tag="505" ind1="0" ind2=" "><marc:subfield code="a">1. Notre-Dame-De-Paris ; Han d&apos;Islande ; Bug-Jargal ; Le dernier jour d&apos;un condamné ; Claude Gueux</marc:subfield></marc:datafield><marc:datafield tag="505" ind1="0" ind2=" "><marc:subfield code="a">2. Cromwell ; Le Rhin ; Littérature et philosophie mêlées</marc:subfield></marc:datafield><marc:datafield tag="505" ind1="0" ind2=" "><marc:subfield code="a">3. Lucrèce Borgia ; Marion Delorme ; Marie Tudor ; La Esmeralda ; Ruy Blas ; Hernani ; Le roi s&apos;amuse ; Les Burgraves ; Angelo</marc:subfield></marc:datafield><marc:datafield tag="505" ind1="0" ind2=" "><marc:subfield code="a">4. Les orientales ; Les voix intérieures ; Les rayons et les hombres ; Odes et ballades ; Les feuilles d&apos;automne ; Les chants du crépuscule</marc:subfield></marc:datafield><marc:datafield tag="540" ind1=" " ind2=" "><marc:subfield code="a">NOC-NC</marc:subfield></marc:datafield><marc:datafield tag="591" ind1=" " ind2=" "><marc:subfield code="a">Europeana-GoogleBooks</marc:subfield></marc:datafield><marc:datafield tag="856" ind1="4" ind2=" "><marc:subfield code="u">https://books.google.be/books?vid=GENT900000051625</marc:subfield><marc:subfield code="3">Full text [v.2]</marc:subfield><marc:subfield code="y">BIB.HER.004078</marc:subfield></marc:datafield><marc:datafield tag="856" ind1="4" ind2=" "><marc:subfield code="u">https://books.google.be/books?vid=GENT900000051626</marc:subfield><marc:subfield code="3">Full text [v.3]</marc:subfield><marc:subfield code="y">BIB.HER.004078</marc:subfield></marc:datafield><marc:datafield tag="856" ind1="4" ind2=" "><marc:subfield code="u">https://books.google.be/books?vid=GENT900000051624</marc:subfield><marc:subfield code="3">Full text [v.4]</marc:subfield><marc:subfield code="y">BIB.HER.004078</marc:subfield></marc:datafield><marc:datafield tag="920" ind1=" " ind2=" "><marc:subfield code="a">book</marc:subfield></marc:datafield></marc:record>