<marc:record><marc:leader>01114ntm a2200241 a 4500</marc:leader><marc:controlfield tag="005">20250917111829.0</marc:controlfield><marc:controlfield tag="008">190128|2024||||be |||||rm||||||| ||   |d</marc:controlfield><marc:controlfield tag="001">990036750970409161</marc:controlfield><marc:datafield tag="020" ind1=" " ind2=" "><marc:subfield code="a">9789463577793</marc:subfield></marc:datafield><marc:datafield tag="035" ind1=" " ind2=" "><marc:subfield code="a">(RUG01)003675097</marc:subfield></marc:datafield><marc:datafield tag="035" ind1=" " ind2=" "><marc:subfield code="a">(BIBLIO)8576485</marc:subfield></marc:datafield><marc:datafield tag="040" ind1=" " ind2=" "><marc:subfield code="a">BE-GnUNI</marc:subfield></marc:datafield><marc:datafield tag="100" ind1="1" ind2=" "><marc:subfield code="a">De Luca Peña, Laura Vittoria,</marc:subfield><marc:subfield code="d">1989-</marc:subfield><marc:subfield code="0">(ugent)802003542152</marc:subfield><marc:subfield code="0">(viaf)0</marc:subfield></marc:datafield><marc:datafield tag="245" ind1="1" ind2="0"><marc:subfield code="a">Sailing towards a sustainable Blue Economy :</marc:subfield><marc:subfield code="b">a quantitative and comprehensive environmental sustainability assessment /</marc:subfield><marc:subfield code="c">Laura Vittoria de Luca.</marc:subfield></marc:datafield><marc:datafield tag="246" ind1="2" ind2=" "><marc:subfield code="a">Op koers naar een duurzame Blauwe Economie</marc:subfield><marc:subfield code="b">een kwantitatieve en uitgebreide beoordeling van milieuduurzaamheid</marc:subfield></marc:datafield><marc:datafield tag="260" ind1=" " ind2=" "><marc:subfield code="c">2024.</marc:subfield></marc:datafield><marc:datafield tag="300" ind1=" " ind2=" "><marc:subfield code="a">Xxix, 249 p.: ill.</marc:subfield></marc:datafield><marc:datafield tag="502" ind1=" " ind2=" "><marc:subfield code="a">Thesis submitted in fulfilment of the requirements for the degree of Doctor (PhD) in Bioscience Engineering</marc:subfield></marc:datafield><marc:datafield tag="710" ind1="2" ind2=" "><marc:subfield code="a">Ghent University.</marc:subfield><marc:subfield code="b">Faculty of Bioscience Engineering.</marc:subfield></marc:datafield><marc:datafield tag="700" ind1="1" ind2=" "><marc:subfield code="a">Dewulf, Jo,</marc:subfield><marc:subfield code="d">1969-</marc:subfield><marc:subfield code="0">(ugent)801000894982</marc:subfield><marc:subfield code="0">(viaf)163669566</marc:subfield><marc:subfield code="e">promotor</marc:subfield></marc:datafield><marc:datafield tag="700" ind1="1" ind2=" "><marc:subfield code="a">Taelman, Sue Ellen,</marc:subfield><marc:subfield code="d">1989-</marc:subfield><marc:subfield code="0">(ugent)802001257194</marc:subfield><marc:subfield code="0">(viaf)40162115803102110516</marc:subfield><marc:subfield code="e">promotor</marc:subfield></marc:datafield><marc:datafield tag="920" ind1=" " ind2=" "><marc:subfield code="a">phd</marc:subfield></marc:datafield><marc:datafield tag="922" ind1=" " ind2=" "><marc:subfield code="a">UGENT-BW</marc:subfield></marc:datafield></marc:record>