<marc:record><marc:leader>01086ntm a2200241 a 4500</marc:leader><marc:controlfield tag="005">20250917111828.0</marc:controlfield><marc:controlfield tag="008">190128|2024||||be |||||rm||||||| ||   |d</marc:controlfield><marc:controlfield tag="001">990036750930409161</marc:controlfield><marc:datafield tag="020" ind1=" " ind2=" "><marc:subfield code="a">9789463577861</marc:subfield></marc:datafield><marc:datafield tag="035" ind1=" " ind2=" "><marc:subfield code="a">(RUG01)003675093</marc:subfield></marc:datafield><marc:datafield tag="035" ind1=" " ind2=" "><marc:subfield code="a">(BIBLIO)8576485</marc:subfield></marc:datafield><marc:datafield tag="040" ind1=" " ind2=" "><marc:subfield code="a">BE-GnUNI</marc:subfield></marc:datafield><marc:datafield tag="100" ind1="1" ind2=" "><marc:subfield code="a">Reuland, Gregory,</marc:subfield><marc:subfield code="d">....-</marc:subfield><marc:subfield code="0">(ugent)</marc:subfield><marc:subfield code="0">(viaf)</marc:subfield></marc:datafield><marc:datafield tag="245" ind1="1" ind2="0"><marc:subfield code="a">The use of digestate as a biobased fertiliser :</marc:subfield><marc:subfield code="b">nitrogen fertilising properties and interactions with soil organic carbon /</marc:subfield><marc:subfield code="c">Gregory Reuland.</marc:subfield></marc:datafield><marc:datafield tag="246" ind1="2" ind2=" "><marc:subfield code="a">Het gebruik van digestaat als biogebaseerde meststof</marc:subfield><marc:subfield code="b">stikstof bemestingswaarde en interacties met organische koolstof in de bodem</marc:subfield></marc:datafield><marc:datafield tag="260" ind1=" " ind2=" "><marc:subfield code="c">2024.</marc:subfield></marc:datafield><marc:datafield tag="300" ind1=" " ind2=" "><marc:subfield code="a">Xviii, 246 p.: ill.</marc:subfield></marc:datafield><marc:datafield tag="502" ind1=" " ind2=" "><marc:subfield code="a">Thesis submitted in fulfilment of the requirements for the degree of Doctor (Ph.D.) of Bioscience Engineering</marc:subfield></marc:datafield><marc:datafield tag="710" ind1="2" ind2=" "><marc:subfield code="a">Ghent University.</marc:subfield><marc:subfield code="b">Faculty of Bioscience Engineering.</marc:subfield></marc:datafield><marc:datafield tag="700" ind1="1" ind2=" "><marc:subfield code="a">Meers, Erik,</marc:subfield><marc:subfield code="d">1976-</marc:subfield><marc:subfield code="0">(ugent)801001502446</marc:subfield><marc:subfield code="0">(viaf)245206442</marc:subfield><marc:subfield code="e">promotor</marc:subfield></marc:datafield><marc:datafield tag="700" ind1="1" ind2=" "><marc:subfield code="a">Sigurnjak, Ivona,</marc:subfield><marc:subfield code="d">1988-</marc:subfield><marc:subfield code="0">(ugent)802001404213</marc:subfield><marc:subfield code="0">(viaf)</marc:subfield><marc:subfield code="e">promotor</marc:subfield></marc:datafield><marc:datafield tag="920" ind1=" " ind2=" "><marc:subfield code="a">phd</marc:subfield></marc:datafield><marc:datafield tag="922" ind1=" " ind2=" "><marc:subfield code="a">UGENT-BW</marc:subfield></marc:datafield></marc:record>