<marc:record><marc:leader>01052ntm a2200241 a 4500</marc:leader><marc:controlfield tag="005">20250917111825.0</marc:controlfield><marc:controlfield tag="008">190128|2024||||be |||||rm||||||| ||   |d</marc:controlfield><marc:controlfield tag="001">990036750900409161</marc:controlfield><marc:datafield tag="020" ind1=" " ind2=" "><marc:subfield code="a">9789463578097</marc:subfield></marc:datafield><marc:datafield tag="035" ind1=" " ind2=" "><marc:subfield code="a">(RUG01)003675090</marc:subfield></marc:datafield><marc:datafield tag="035" ind1=" " ind2=" "><marc:subfield code="a">(BIBLIO)8576485</marc:subfield></marc:datafield><marc:datafield tag="040" ind1=" " ind2=" "><marc:subfield code="a">BE-GnUNI</marc:subfield></marc:datafield><marc:datafield tag="100" ind1="1" ind2=" "><marc:subfield code="a">De Beul, Emma,</marc:subfield><marc:subfield code="d">1996-</marc:subfield><marc:subfield code="0">(ugent)01409234</marc:subfield><marc:subfield code="0">(viaf)</marc:subfield></marc:datafield><marc:datafield tag="245" ind1="1" ind2="0"><marc:subfield code="a">Exploring and engineering the substrate specificity of glycoside hydrolases and phosphorylases /</marc:subfield><marc:subfield code="c">Emma De Beul.</marc:subfield></marc:datafield><marc:datafield tag="246" ind1="2" ind2=" "><marc:subfield code="a">Exploratie en engineering van de substraatspecificiteit van glycoside hydrolasen en fosforylasen</marc:subfield></marc:datafield><marc:datafield tag="260" ind1=" " ind2=" "><marc:subfield code="c">2024.</marc:subfield></marc:datafield><marc:datafield tag="300" ind1=" " ind2=" "><marc:subfield code="a">210 p.: ill.</marc:subfield></marc:datafield><marc:datafield tag="502" ind1=" " ind2=" "><marc:subfield code="a">Thesis submitted in fulfillment of the requirements for the degree of Doctor (PhD) of Bioscience Engineering : Biotechnology</marc:subfield></marc:datafield><marc:datafield tag="710" ind1="2" ind2=" "><marc:subfield code="a">Ghent University.</marc:subfield><marc:subfield code="b">Faculty of Bioscience Engineering.</marc:subfield><marc:subfield code="b">Department of Biotechnology</marc:subfield></marc:datafield><marc:datafield tag="700" ind1="1" ind2=" "><marc:subfield code="a">Desmet, Tom,</marc:subfield><marc:subfield code="d">1976-</marc:subfield><marc:subfield code="0">(ugent)801001501436</marc:subfield><marc:subfield code="0">(viaf)0</marc:subfield><marc:subfield code="e">promotor</marc:subfield></marc:datafield><marc:datafield tag="700" ind1="1" ind2=" "><marc:subfield code="a">Beerens, Koen,</marc:subfield><marc:subfield code="d">1985-</marc:subfield><marc:subfield code="0">(ugent)802000314173</marc:subfield><marc:subfield code="0">(viaf)</marc:subfield><marc:subfield code="e">promotor</marc:subfield></marc:datafield><marc:datafield tag="920" ind1=" " ind2=" "><marc:subfield code="a">phd</marc:subfield></marc:datafield><marc:datafield tag="922" ind1=" " ind2=" "><marc:subfield code="a">UGENT-BW</marc:subfield></marc:datafield></marc:record>