<marc:record><marc:leader>00586aam a2200205   4500</marc:leader><marc:controlfield tag="005">20250918232111.0</marc:controlfield><marc:controlfield tag="008">240618s2024    be     |r    |||| ||dut||</marc:controlfield><marc:controlfield tag="001">990036750870409161</marc:controlfield><marc:datafield tag="020" ind1=" " ind2=" "><marc:subfield code="a">9789464776782</marc:subfield><marc:subfield code="q">paperback</marc:subfield></marc:datafield><marc:datafield tag="035" ind1=" " ind2=" "><marc:subfield code="a">(RUG01)003675087</marc:subfield></marc:datafield><marc:datafield tag="035" ind1=" " ind2=" "><marc:subfield code="a">9789464776782</marc:subfield></marc:datafield><marc:datafield tag="035" ind1=" " ind2=" "><marc:subfield code="a">BBA000411294</marc:subfield></marc:datafield><marc:datafield tag="040" ind1=" " ind2=" "><marc:subfield code="a">BoekenBank</marc:subfield><marc:subfield code="b">dut</marc:subfield><marc:subfield code="c">Open Vlacc</marc:subfield></marc:datafield><marc:datafield tag="100" ind1="1" ind2=" "><marc:subfield code="a">Vaandrager, Harry,</marc:subfield><marc:subfield code="d">1955-</marc:subfield><marc:subfield code="0">(viaf)125084463</marc:subfield></marc:datafield><marc:datafield tag="245" ind1="1" ind2="0"><marc:subfield code="a">Spuugzat :</marc:subfield><marc:subfield code="b">&apos;n anamorfose /</marc:subfield><marc:subfield code="c">Harry Vaandrager.</marc:subfield></marc:datafield><marc:datafield tag="260" ind1=" " ind2=" "><marc:subfield code="a">[Gent] :</marc:subfield><marc:subfield code="b">Het balanseer,</marc:subfield><marc:subfield code="c">2024.</marc:subfield></marc:datafield><marc:datafield tag="300" ind1=" " ind2=" "><marc:subfield code="a">197 p.</marc:subfield></marc:datafield><marc:datafield tag="365" ind1=" " ind2=" "><marc:subfield code="b">22,00</marc:subfield><marc:subfield code="c">EUR</marc:subfield></marc:datafield><marc:datafield tag="920" ind1=" " ind2=" "><marc:subfield code="a">book</marc:subfield></marc:datafield><marc:datafield tag="SID" ind1=" " ind2=" "><marc:subfield code="a">Z39</marc:subfield><marc:subfield code="b">NOMUSIC</marc:subfield></marc:datafield></marc:record>