<marc:record><marc:leader>01550nam a2200325 a 4500</marc:leader><marc:controlfield tag="005">20250918232118.0</marc:controlfield><marc:controlfield tag="008">250716s2006    fr |||||r|||||||| ||mul|d</marc:controlfield><marc:controlfield tag="001">990036750860409161</marc:controlfield><marc:datafield tag="020" ind1=" " ind2=" "><marc:subfield code="a">2930495006</marc:subfield></marc:datafield><marc:datafield tag="020" ind1=" " ind2=" "><marc:subfield code="a">9782930495002</marc:subfield></marc:datafield><marc:datafield tag="035" ind1=" " ind2=" "><marc:subfield code="a">(RUG01)003675086</marc:subfield></marc:datafield><marc:datafield tag="040" ind1=" " ind2=" "><marc:subfield code="a">BE-GnUNI</marc:subfield></marc:datafield><marc:datafield tag="041" ind1="0" ind2=" "><marc:subfield code="a">fre</marc:subfield><marc:subfield code="a">eng</marc:subfield></marc:datafield><marc:datafield tag="050" ind1=" " ind2="4"><marc:subfield code="a">GN740</marc:subfield><marc:subfield code="b">.N685 2006</marc:subfield></marc:datafield><marc:datafield tag="245" ind1="0" ind2="0"><marc:subfield code="a">Notions de territoire et de mobilité :</marc:subfield><marc:subfield code="b">exemples de l&apos;Europe et des premières nations en Amérique du Nord avant de contact européen: actes de sessions présentées au Xe congrès annuel de l&apos;Association Européenne des Archéologues (EAA), Lyon, 8-11 septembre 2004 /</marc:subfield><marc:subfield code="c">sous la direction de Céline Bressy, Arianne Burke, Pierre Chalard &amp; Hélène Martin.</marc:subfield></marc:datafield><marc:datafield tag="260" ind1=" " ind2=" "><marc:subfield code="a">Liège :</marc:subfield><marc:subfield code="b">Université de Liège. Service de préhistoire,</marc:subfield><marc:subfield code="c">2006.</marc:subfield></marc:datafield><marc:datafield tag="300" ind1=" " ind2=" "><marc:subfield code="a">169 p.: ill.</marc:subfield></marc:datafield><marc:datafield tag="490" ind1="0" ind2=" "><marc:subfield code="a">ÉRAUL : études et recherches archéologiques de l&apos;Université de Liège ;</marc:subfield><marc:subfield code="v">116</marc:subfield></marc:datafield><marc:datafield tag="546" ind1=" " ind2=" "><marc:subfield code="a">Bijdragen in Engels en Frans</marc:subfield></marc:datafield><marc:datafield tag="650" ind1=" " ind2="0"><marc:subfield code="a">Human beings</marc:subfield><marc:subfield code="x">Migrations</marc:subfield><marc:subfield code="z">Europe</marc:subfield><marc:subfield code="v">Congresses.</marc:subfield></marc:datafield><marc:datafield tag="650" ind1=" " ind2="0"><marc:subfield code="a">Human beings</marc:subfield><marc:subfield code="x">Migrations</marc:subfield><marc:subfield code="z">North America</marc:subfield><marc:subfield code="v">Congresses.</marc:subfield></marc:datafield><marc:datafield tag="650" ind1=" " ind2="0"><marc:subfield code="a">Neolithic period</marc:subfield><marc:subfield code="z">Europe</marc:subfield><marc:subfield code="v">Congresses.</marc:subfield></marc:datafield><marc:datafield tag="650" ind1=" " ind2="0"><marc:subfield code="a">Neolithic period</marc:subfield><marc:subfield code="z">North America</marc:subfield><marc:subfield code="v">Congresses.</marc:subfield></marc:datafield><marc:datafield tag="650" ind1=" " ind2="0"><marc:subfield code="a">Paleolithic period</marc:subfield><marc:subfield code="z">Europe</marc:subfield><marc:subfield code="v">Congresses</marc:subfield></marc:datafield><marc:datafield tag="650" ind1=" " ind2="0"><marc:subfield code="a">Paleolithic period</marc:subfield><marc:subfield code="z">North America</marc:subfield><marc:subfield code="v">Congresses.</marc:subfield></marc:datafield><marc:datafield tag="700" ind1="1" ind2=" "><marc:subfield code="a">Bressy, Céline,</marc:subfield><marc:subfield code="d">1976-</marc:subfield><marc:subfield code="0">(viaf)42100773</marc:subfield></marc:datafield><marc:datafield tag="700" ind1="1" ind2=" "><marc:subfield code="a">Burke, Ariane M.,</marc:subfield><marc:subfield code="d">....-</marc:subfield><marc:subfield code="0">(viaf)14666326</marc:subfield></marc:datafield><marc:datafield tag="700" ind1="1" ind2=" "><marc:subfield code="a">Chalard, Pierre,</marc:subfield><marc:subfield code="d">....-</marc:subfield><marc:subfield code="0">(viaf)301279504</marc:subfield></marc:datafield><marc:datafield tag="700" ind1="1" ind2=" "><marc:subfield code="a">Martin, Hélène,</marc:subfield><marc:subfield code="d">....-</marc:subfield><marc:subfield code="0">(viaf)</marc:subfield></marc:datafield><marc:datafield tag="920" ind1=" " ind2=" "><marc:subfield code="a">book</marc:subfield></marc:datafield></marc:record>