<marc:record><marc:leader>00769ntm a2200193 a 4500</marc:leader><marc:controlfield tag="005">20250918104528.0</marc:controlfield><marc:controlfield tag="008">250716|1979||||be |||||rm||||||| ||dut|d</marc:controlfield><marc:controlfield tag="001">990036750830409161</marc:controlfield><marc:datafield tag="035" ind1=" " ind2=" "><marc:subfield code="a">(RUG01)003675083</marc:subfield></marc:datafield><marc:datafield tag="040" ind1=" " ind2=" "><marc:subfield code="a">BE-GnUNI</marc:subfield></marc:datafield><marc:datafield tag="100" ind1="1" ind2=" "><marc:subfield code="a">Demeulenaere, Ivo,</marc:subfield><marc:subfield code="d">....-</marc:subfield><marc:subfield code="0">(viaf)0</marc:subfield></marc:datafield><marc:datafield tag="245" ind1="1" ind2="0"><marc:subfield code="a">Programmatuur voor een microprocessor gestuurd meetsysteem-studie van hoog energetische α-deeltjes uitgezonden in de fotofissie van ²³⁵U /</marc:subfield><marc:subfield code="c">door Ivo Demeulenaere.</marc:subfield></marc:datafield><marc:datafield tag="260" ind1=" " ind2=" "><marc:subfield code="c">1979.</marc:subfield></marc:datafield><marc:datafield tag="300" ind1=" " ind2=" "><marc:subfield code="a">48, 38 p.: ill.</marc:subfield></marc:datafield><marc:datafield tag="502" ind1=" " ind2=" "><marc:subfield code="a">Proefschrift ingediend tot het behalen van de graad van Licentiaat in de Wetenschappen: Natuurkunde</marc:subfield></marc:datafield><marc:datafield tag="700" ind1="1" ind2=" "><marc:subfield code="a">Deruytter, Achiel,</marc:subfield><marc:subfield code="d">1933-</marc:subfield><marc:subfield code="0">(viaf)0</marc:subfield><marc:subfield code="e">promotor</marc:subfield></marc:datafield><marc:datafield tag="710" ind1="2" ind2=" "><marc:subfield code="a">RUG.</marc:subfield><marc:subfield code="b">Faculteit Wetenschappen.</marc:subfield></marc:datafield><marc:datafield tag="920" ind1=" " ind2=" "><marc:subfield code="a">master</marc:subfield></marc:datafield><marc:datafield tag="922" ind1=" " ind2=" "><marc:subfield code="a">UGENT-WE</marc:subfield></marc:datafield></marc:record>