<marc:record><marc:leader>00402nas a2200133 a 4500</marc:leader><marc:controlfield tag="005">20250918123702.0</marc:controlfield><marc:controlfield tag="008">250716|uuuuuuuuxx || p|r#|||||   ||   |d</marc:controlfield><marc:controlfield tag="001">990036750820409161</marc:controlfield><marc:datafield tag="022" ind1=" " ind2=" "><marc:subfield code="a">0272-3921</marc:subfield></marc:datafield><marc:datafield tag="035" ind1=" " ind2=" "><marc:subfield code="a">(RUG01)003675082</marc:subfield></marc:datafield><marc:datafield tag="040" ind1=" " ind2=" "><marc:subfield code="a">BE-GnUNI</marc:subfield></marc:datafield><marc:datafield tag="245" ind1="0" ind2="0"><marc:subfield code="a">Nuclear technology/fusion :</marc:subfield><marc:subfield code="b">a journal of the American nuclear and the European nuclear society.</marc:subfield></marc:datafield><marc:datafield tag="260" ind1=" " ind2=" "><marc:subfield code="a">Illinois :</marc:subfield><marc:subfield code="b">ANS,</marc:subfield><marc:subfield code="c">n.d.</marc:subfield></marc:datafield><marc:datafield tag="920" ind1=" " ind2=" "><marc:subfield code="a">periodical</marc:subfield></marc:datafield></marc:record>