<marc:record><marc:leader>00707ntm a2200193 a 4500</marc:leader><marc:controlfield tag="005">20250918104522.0</marc:controlfield><marc:controlfield tag="008">250716|1980||||be |||||rm||||||| ||dut|d</marc:controlfield><marc:controlfield tag="001">990036750770409161</marc:controlfield><marc:datafield tag="035" ind1=" " ind2=" "><marc:subfield code="a">(RUG01)003675077</marc:subfield></marc:datafield><marc:datafield tag="040" ind1=" " ind2=" "><marc:subfield code="a">BE-GnUNI</marc:subfield></marc:datafield><marc:datafield tag="100" ind1="1" ind2=" "><marc:subfield code="a">Vanmarcke, Hans,</marc:subfield><marc:subfield code="d">....-</marc:subfield><marc:subfield code="0">(viaf)0</marc:subfield></marc:datafield><marc:datafield tag="245" ind1="1" ind2="0"><marc:subfield code="a">Experimentele studie van fijnkorrelige mangaanferrieten /</marc:subfield><marc:subfield code="c">Hans Vanmarcke.</marc:subfield></marc:datafield><marc:datafield tag="260" ind1=" " ind2=" "><marc:subfield code="c">1980.</marc:subfield></marc:datafield><marc:datafield tag="300" ind1=" " ind2=" "><marc:subfield code="a">47 p.: ill.</marc:subfield></marc:datafield><marc:datafield tag="502" ind1=" " ind2=" "><marc:subfield code="a">Proefschrift ingediend tot het behalen van de graad van Licentiaat in de Wetenschappen: Natuurkunde</marc:subfield></marc:datafield><marc:datafield tag="700" ind1="1" ind2=" "><marc:subfield code="a">Robbrecht, Godfried G.,</marc:subfield><marc:subfield code="d">1931-2020</marc:subfield><marc:subfield code="0">(viaf)200365282</marc:subfield><marc:subfield code="e">promotor</marc:subfield></marc:datafield><marc:datafield tag="710" ind1="2" ind2=" "><marc:subfield code="a">RUG.</marc:subfield><marc:subfield code="b">Faculteit Wetenschappen.</marc:subfield><marc:subfield code="b">Laboratorium voor Magnetisme.</marc:subfield></marc:datafield><marc:datafield tag="920" ind1=" " ind2=" "><marc:subfield code="a">master</marc:subfield></marc:datafield><marc:datafield tag="922" ind1=" " ind2=" "><marc:subfield code="a">UGENT-WE</marc:subfield></marc:datafield></marc:record>