<marc:record><marc:leader>00596aam a2200205   4500</marc:leader><marc:controlfield tag="005">20250918232119.0</marc:controlfield><marc:controlfield tag="008">241022s2025    ne     |r    |||| ||dut||</marc:controlfield><marc:controlfield tag="001">990036750710409161</marc:controlfield><marc:datafield tag="020" ind1=" " ind2=" "><marc:subfield code="a">9789464521948</marc:subfield><marc:subfield code="q">paperback</marc:subfield></marc:datafield><marc:datafield tag="035" ind1=" " ind2=" "><marc:subfield code="a">(RUG01)003675071</marc:subfield></marc:datafield><marc:datafield tag="035" ind1=" " ind2=" "><marc:subfield code="a">9789464521948</marc:subfield></marc:datafield><marc:datafield tag="035" ind1=" " ind2=" "><marc:subfield code="a">BBA000463513</marc:subfield></marc:datafield><marc:datafield tag="040" ind1=" " ind2=" "><marc:subfield code="a">BoekenBank</marc:subfield><marc:subfield code="b">dut</marc:subfield><marc:subfield code="c">Open Vlacc</marc:subfield></marc:datafield><marc:datafield tag="100" ind1="1" ind2=" "><marc:subfield code="a">Kusters, Wiel,</marc:subfield><marc:subfield code="d">1947-</marc:subfield><marc:subfield code="0">(viaf)100974076</marc:subfield></marc:datafield><marc:datafield tag="245" ind1="1" ind2="0"><marc:subfield code="a">Begrijp me niet te vroeg :</marc:subfield><marc:subfield code="b">gedichten /</marc:subfield><marc:subfield code="c">Wiel Kusters.</marc:subfield></marc:datafield><marc:datafield tag="260" ind1=" " ind2=" "><marc:subfield code="a">Amsterdam :</marc:subfield><marc:subfield code="b">Cossee,</marc:subfield><marc:subfield code="c">copyright 2025.</marc:subfield></marc:datafield><marc:datafield tag="300" ind1=" " ind2=" "><marc:subfield code="a">105 p.</marc:subfield></marc:datafield><marc:datafield tag="365" ind1=" " ind2=" "><marc:subfield code="b">22,99</marc:subfield><marc:subfield code="c">EUR</marc:subfield></marc:datafield><marc:datafield tag="920" ind1=" " ind2=" "><marc:subfield code="a">book</marc:subfield></marc:datafield><marc:datafield tag="SID" ind1=" " ind2=" "><marc:subfield code="a">Z39</marc:subfield><marc:subfield code="b">NOMUSIC</marc:subfield></marc:datafield></marc:record>