<marc:record><marc:leader>00486nas a2200145 a 4500</marc:leader><marc:controlfield tag="005">20250918123727.0</marc:controlfield><marc:controlfield tag="008">250716|uuuuuuuuxx || p|r#|||||   ||   |d</marc:controlfield><marc:controlfield tag="001">990036750660409161</marc:controlfield><marc:datafield tag="022" ind1=" " ind2=" "><marc:subfield code="a">0140-4067</marc:subfield></marc:datafield><marc:datafield tag="035" ind1=" " ind2=" "><marc:subfield code="a">(RUG01)003675066</marc:subfield></marc:datafield><marc:datafield tag="040" ind1=" " ind2=" "><marc:subfield code="a">BE-GnUNI</marc:subfield></marc:datafield><marc:datafield tag="245" ind1="0" ind2="0"><marc:subfield code="a">Nuclear energy :</marc:subfield><marc:subfield code="b">journal of the British energy society.</marc:subfield></marc:datafield><marc:datafield tag="260" ind1=" " ind2=" "><marc:subfield code="a">London :</marc:subfield><marc:subfield code="b">British nuclear energy society,</marc:subfield><marc:subfield code="c">n.d.</marc:subfield></marc:datafield><marc:datafield tag="580" ind1=" " ind2=" "><marc:subfield code="a">Voortzetting van: Journal of the British nuclear energy society. [ISSN: 0007-1587]</marc:subfield></marc:datafield><marc:datafield tag="920" ind1=" " ind2=" "><marc:subfield code="a">periodical</marc:subfield></marc:datafield></marc:record>