<marc:record><marc:leader>00581ntm a2200181 a 4500</marc:leader><marc:controlfield tag="005">20250918104522.0</marc:controlfield><marc:controlfield tag="008">250716|1980||||be |||||rm||||||| ||dut|d</marc:controlfield><marc:controlfield tag="001">990036750630409161</marc:controlfield><marc:datafield tag="035" ind1=" " ind2=" "><marc:subfield code="a">(RUG01)003675063</marc:subfield></marc:datafield><marc:datafield tag="040" ind1=" " ind2=" "><marc:subfield code="a">BE-GnUNI</marc:subfield></marc:datafield><marc:datafield tag="100" ind1="1" ind2=" "><marc:subfield code="a">Segers, Danny,</marc:subfield><marc:subfield code="d">1951-</marc:subfield><marc:subfield code="0">(ugent)801000311972</marc:subfield><marc:subfield code="0">(viaf)285226189</marc:subfield></marc:datafield><marc:datafield tag="245" ind1="1" ind2="0"><marc:subfield code="a">Positronannihilatie in vaste stoffen: inleidende begrippen /</marc:subfield><marc:subfield code="c">Danny Segers.</marc:subfield></marc:datafield><marc:datafield tag="260" ind1=" " ind2=" "><marc:subfield code="c">1980.</marc:subfield></marc:datafield><marc:datafield tag="300" ind1=" " ind2=" "><marc:subfield code="a">51 p.: ill.</marc:subfield></marc:datafield><marc:datafield tag="502" ind1=" " ind2=" "><marc:subfield code="a">Licentiaatsverhandeling</marc:subfield></marc:datafield><marc:datafield tag="710" ind1="2" ind2=" "><marc:subfield code="a">RUG.</marc:subfield><marc:subfield code="b">Faculteit Wetenschappen.</marc:subfield><marc:subfield code="b">Laboratorium voor Kernfysica.</marc:subfield></marc:datafield><marc:datafield tag="920" ind1=" " ind2=" "><marc:subfield code="a">master</marc:subfield></marc:datafield><marc:datafield tag="922" ind1=" " ind2=" "><marc:subfield code="a">UGENT-WE</marc:subfield></marc:datafield></marc:record>