<marc:record><marc:leader>02557cam a2200349 i 4500</marc:leader><marc:controlfield tag="005">20251015135426.0</marc:controlfield><marc:controlfield tag="008">230106s2025    nyua   |rb   |001 ||eng||</marc:controlfield><marc:controlfield tag="001">990036750600409161</marc:controlfield><marc:datafield tag="SID" ind1=" " ind2=" "><marc:subfield code="a">Z39</marc:subfield><marc:subfield code="b">LOC</marc:subfield></marc:datafield><marc:datafield tag="010" ind1=" " ind2=" "><marc:subfield code="a">2023000459</marc:subfield></marc:datafield><marc:datafield tag="020" ind1=" " ind2=" "><marc:subfield code="a">9781350117136</marc:subfield><marc:subfield code="q">(hardback)</marc:subfield></marc:datafield><marc:datafield tag="020" ind1=" " ind2=" "><marc:subfield code="a">9781350408616</marc:subfield><marc:subfield code="q">(paperback)</marc:subfield></marc:datafield><marc:datafield tag="020" ind1=" " ind2=" "><marc:subfield code="q">(pdf)</marc:subfield><marc:subfield code="z">9781350117143</marc:subfield></marc:datafield><marc:datafield tag="020" ind1=" " ind2=" "><marc:subfield code="q">(epub)</marc:subfield><marc:subfield code="z">9781350117150</marc:subfield></marc:datafield><marc:datafield tag="020" ind1=" " ind2=" "><marc:subfield code="z">9781350117167</marc:subfield></marc:datafield><marc:datafield tag="035" ind1=" " ind2=" "><marc:subfield code="a">(RUG01)003675060</marc:subfield></marc:datafield><marc:datafield tag="035" ind1=" " ind2=" "><marc:subfield code="a">22920333</marc:subfield></marc:datafield><marc:datafield tag="040" ind1=" " ind2=" "><marc:subfield code="a">DLC</marc:subfield><marc:subfield code="b">eng</marc:subfield><marc:subfield code="c">DLC</marc:subfield><marc:subfield code="d">DLC</marc:subfield><marc:subfield code="e">rda</marc:subfield></marc:datafield><marc:datafield tag="042" ind1=" " ind2=" "><marc:subfield code="a">pcc</marc:subfield></marc:datafield><marc:datafield tag="050" ind1="0" ind2="0"><marc:subfield code="a">NA1123.P67</marc:subfield><marc:subfield code="b">M53 2023</marc:subfield></marc:datafield><marc:datafield tag="082" ind1="0" ind2="0"><marc:subfield code="a">720.92</marc:subfield><marc:subfield code="2">23/eng/20230222</marc:subfield></marc:datafield><marc:datafield tag="100" ind1="1" ind2=" "><marc:subfield code="a">Micheli, Silvia,</marc:subfield><marc:subfield code="d">....-</marc:subfield><marc:subfield code="0">(viaf)</marc:subfield><marc:subfield code="4">aut</marc:subfield></marc:datafield><marc:datafield tag="245" ind1="1" ind2="0"><marc:subfield code="a">Paolo Portoghesi :</marc:subfield><marc:subfield code="b">architecture between history, politics and media /</marc:subfield><marc:subfield code="c">Silvia Micheli and Léa-Catherine Szacka.</marc:subfield></marc:datafield><marc:datafield tag="264" ind1=" " ind2="1"><marc:subfield code="a">London :</marc:subfield><marc:subfield code="b">Bloomsbury Visual Arts,</marc:subfield><marc:subfield code="c">2025.</marc:subfield></marc:datafield><marc:datafield tag="300" ind1=" " ind2=" "><marc:subfield code="a">214 pages :</marc:subfield><marc:subfield code="b">chiefly illustrations ;</marc:subfield><marc:subfield code="c">25 cm.</marc:subfield></marc:datafield><marc:datafield tag="490" ind1="0" ind2=" "><marc:subfield code="a">Bloomsbury studies in modern architecture</marc:subfield></marc:datafield><marc:datafield tag="504" ind1=" " ind2=" "><marc:subfield code="a">Includes bibliographical references and index.</marc:subfield></marc:datafield><marc:datafield tag="505" ind1="0" ind2=" "><marc:subfield code="a">The postmodern project -- Turn to history -- Socialism for freedom -- Embracing mass media -- Epilogue.</marc:subfield></marc:datafield><marc:datafield tag="520" ind1=" " ind2=" "><marc:subfield code="a">&quot;Through the work of the Italian architect, theorist and historian Paolo Portoghesi (1931-present), this book offers a new perspective on postmodern architecture, showing the agency of other spheres of knowledge - history, politics and media - in the making of postmodern architectural discourse. It explores how Portoghesi&apos;s personal &quot;postmodern project&quot; is based on the triangulation of a renewed interest in historical architectural language, unprecedented use of media and intertwined links between architecture and politics. Organized in a sequence of critical chapters supported by the analysis of Portoghesi&apos;s most significant architectural projects - including Casa Baldi (1959), The Mosque in Rome (1975-95) and his Strada Novissima exhibition (1980) - and publications, the book unfolds around the three main themes of history, politics and media. Published as part of the Bloomsbury Studies in Modern Architecture series, which brings to light the work of significant yet overlooked modernist architects, the study features previously-unpublished archival material, interviews by the authors and articles from professional and mainstream press to present Portoghesi in his multifaceted role of mediator, politician, historian and designer&quot;--</marc:subfield><marc:subfield code="c">Provided by publisher.</marc:subfield></marc:datafield><marc:datafield tag="600" ind1="1" ind2="0"><marc:subfield code="a">Portoghesi, Paolo</marc:subfield><marc:subfield code="x">Criticism and interpretation.</marc:subfield></marc:datafield><marc:datafield tag="700" ind1="1" ind2=" "><marc:subfield code="a">Szacka, Léa-Catherine,</marc:subfield><marc:subfield code="d">....-</marc:subfield><marc:subfield code="0">(viaf)</marc:subfield><marc:subfield code="4">aut</marc:subfield></marc:datafield><marc:datafield tag="920" ind1=" " ind2=" "><marc:subfield code="a">book</marc:subfield></marc:datafield></marc:record>