<marc:record><marc:leader>01909nam a22002535i 4500</marc:leader><marc:controlfield tag="005">20250918232110.0</marc:controlfield><marc:controlfield tag="008">221228s2023    nyu    |r    |000 ||eng||</marc:controlfield><marc:controlfield tag="001">990036750580409161</marc:controlfield><marc:datafield tag="010" ind1=" " ind2=" "><marc:subfield code="a">2022952362</marc:subfield></marc:datafield><marc:datafield tag="020" ind1=" " ind2=" "><marc:subfield code="a">9781941332641</marc:subfield><marc:subfield code="q">(paperback)</marc:subfield></marc:datafield><marc:datafield tag="035" ind1=" " ind2=" "><marc:subfield code="a">(RUG01)003675058</marc:subfield></marc:datafield><marc:datafield tag="035" ind1=" " ind2=" "><marc:subfield code="a">22913398</marc:subfield></marc:datafield><marc:datafield tag="040" ind1=" " ind2=" "><marc:subfield code="a">DLC</marc:subfield><marc:subfield code="b">eng</marc:subfield><marc:subfield code="c">DLC</marc:subfield><marc:subfield code="e">rda</marc:subfield></marc:datafield><marc:datafield tag="042" ind1=" " ind2=" "><marc:subfield code="a">pcc</marc:subfield></marc:datafield><marc:datafield tag="100" ind1="1" ind2=" "><marc:subfield code="a">Frampton, Kenneth,</marc:subfield><marc:subfield code="d">....-</marc:subfield><marc:subfield code="0">(viaf)</marc:subfield><marc:subfield code="4">aut</marc:subfield></marc:datafield><marc:datafield tag="245" ind1="1" ind2="0"><marc:subfield code="a">Kenneth Frampton: conversations with Daniel Talesnik /</marc:subfield><marc:subfield code="c">Kenneth Frampton, Daniel Talesnik, Mary McLeod.</marc:subfield></marc:datafield><marc:datafield tag="263" ind1=" " ind2=" "><marc:subfield code="a">2303</marc:subfield></marc:datafield><marc:datafield tag="264" ind1=" " ind2="1"><marc:subfield code="a">New York :</marc:subfield><marc:subfield code="b">Columbia Books on Architecture and the City,</marc:subfield><marc:subfield code="c">2023.</marc:subfield></marc:datafield><marc:datafield tag="300" ind1=" " ind2=" "><marc:subfield code="a">Pages cm.</marc:subfield></marc:datafield><marc:datafield tag="520" ind1=" " ind2=" "><marc:subfield code="a">&quot;Kenneth Frampton: Conversations with Daniel Talesnik presents seven interviews with the architectural historian reflecting on the long arc of his rich and influential career in the discipline. Spanning Frampton&apos;s early years as an architecture student at the Guildford School of Art to his nearly fifty years as a professor at Columbia University&apos;s Graduate School of Architecture, Planning, and Preservation, the interviews trace not only the development and implications of his work but also the cultural, political, and discursive terrain surrounding it. Here Frampton outlines the formation of his seminal ideas of &quot;critical regionalism&quot; and &quot;tectonic culture,&quot; and also ruminates on how he understands his own role as a writer on architecture. The book includes an essay by Mary McLeod, which takes stock of Frampton&apos;s &quot;criticality&quot; and his enduring impact on architectural practice. As a whole, Kenneth Frampton: Conversations with Daniel Talesnik is as much a portrait of a thinker as a record of the books, buildings, and ideas that have inspired such profound architectural thought&quot;--</marc:subfield><marc:subfield code="c">Provided by publisher.</marc:subfield></marc:datafield><marc:datafield tag="700" ind1="1" ind2=" "><marc:subfield code="a">Talesnik, Daniel,</marc:subfield><marc:subfield code="d">....-</marc:subfield><marc:subfield code="0">(viaf)</marc:subfield><marc:subfield code="4">aut</marc:subfield></marc:datafield><marc:datafield tag="700" ind1="1" ind2=" "><marc:subfield code="a">McLeod, Mary,</marc:subfield><marc:subfield code="d">....-</marc:subfield><marc:subfield code="0">(viaf)</marc:subfield><marc:subfield code="4">aut</marc:subfield></marc:datafield><marc:datafield tag="920" ind1=" " ind2=" "><marc:subfield code="a">book</marc:subfield></marc:datafield><marc:datafield tag="SID" ind1=" " ind2=" "><marc:subfield code="a">Z39</marc:subfield><marc:subfield code="b">LOC</marc:subfield></marc:datafield></marc:record>