<marc:record><marc:leader>01945cam a2200409 i 4500</marc:leader><marc:controlfield tag="005">20250918232117.0</marc:controlfield><marc:controlfield tag="008">231107s2023    be a   |rb   |001 |dfre|d</marc:controlfield><marc:controlfield tag="001">990036750550409161</marc:controlfield><marc:datafield tag="010" ind1=" " ind2=" "><marc:subfield code="a">2024415243</marc:subfield></marc:datafield><marc:datafield tag="020" ind1=" " ind2=" "><marc:subfield code="a">9782875623881</marc:subfield><marc:subfield code="q">(paperback)</marc:subfield></marc:datafield><marc:datafield tag="020" ind1=" " ind2=" "><marc:subfield code="a">2875623885</marc:subfield></marc:datafield><marc:datafield tag="035" ind1=" " ind2=" "><marc:subfield code="a">(RUG01)003675055</marc:subfield></marc:datafield><marc:datafield tag="035" ind1=" " ind2=" "><marc:subfield code="a">23790199</marc:subfield></marc:datafield><marc:datafield tag="035" ind1=" " ind2=" "><marc:subfield code="a">(OCoLC)1419440673</marc:subfield></marc:datafield><marc:datafield tag="040" ind1=" " ind2=" "><marc:subfield code="a">AUXAM</marc:subfield><marc:subfield code="b">eng</marc:subfield><marc:subfield code="c">AUXAM</marc:subfield><marc:subfield code="d">JPG</marc:subfield><marc:subfield code="d">OCLCO</marc:subfield><marc:subfield code="d">JPG</marc:subfield><marc:subfield code="d">HUL</marc:subfield><marc:subfield code="d">OCLCO</marc:subfield><marc:subfield code="d">DLC</marc:subfield><marc:subfield code="e">rda</marc:subfield></marc:datafield><marc:datafield tag="042" ind1=" " ind2=" "><marc:subfield code="a">lccopycat</marc:subfield></marc:datafield><marc:datafield tag="043" ind1=" " ind2=" "><marc:subfield code="a">e-be---</marc:subfield></marc:datafield><marc:datafield tag="050" ind1="0" ind2="0"><marc:subfield code="a">NA109.E9</marc:subfield><marc:subfield code="b">H68 2023</marc:subfield></marc:datafield><marc:datafield tag="100" ind1="1" ind2=" "><marc:subfield code="a">Houbart, Claudine,</marc:subfield><marc:subfield code="d">....-</marc:subfield><marc:subfield code="0">(viaf)</marc:subfield><marc:subfield code="4">aut</marc:subfield></marc:datafield><marc:datafield tag="245" ind1="1" ind2="0"><marc:subfield code="a">Du monument à la ville :</marc:subfield><marc:subfield code="b">Raymond M. Lemaire, expériences pionnières entre principes et pratiques /</marc:subfield><marc:subfield code="c">Claudine Houbart.</marc:subfield></marc:datafield><marc:datafield tag="246" ind1="3" ind2="0"><marc:subfield code="a">Raymond M. Lemaire, expériences pionnières entre principes et pratiques</marc:subfield></marc:datafield><marc:datafield tag="264" ind1=" " ind2="1"><marc:subfield code="a">Liège :</marc:subfield><marc:subfield code="b">Presses universitaires de Liège,</marc:subfield><marc:subfield code="c">2023.</marc:subfield></marc:datafield><marc:datafield tag="300" ind1=" " ind2=" "><marc:subfield code="a">523 pages :</marc:subfield><marc:subfield code="b">illustrations (some color) ;</marc:subfield><marc:subfield code="c">24 cm. +</marc:subfield><marc:subfield code="e">1 sheet (22 x 60 cm, folded to 22 x 15 cm)</marc:subfield></marc:datafield><marc:datafield tag="490" ind1="0" ind2=" "><marc:subfield code="a">Collection DIVAgations ;</marc:subfield><marc:subfield code="v">2</marc:subfield></marc:datafield><marc:datafield tag="500" ind1=" " ind2=" "><marc:subfield code="a">Revised from author&apos;s thesis, 2015--Université catholique de Louvain (1970- ), Louvain, Belgium.</marc:subfield></marc:datafield><marc:datafield tag="500" ind1=" " ind2=" "><marc:subfield code="a">With pocket at end containing folded color timeline.</marc:subfield></marc:datafield><marc:datafield tag="504" ind1=" " ind2=" "><marc:subfield code="a">Includes bibliographical references (pages 479-507) and index.</marc:subfield></marc:datafield><marc:datafield tag="600" ind1="1" ind2="0"><marc:subfield code="a">Lemaire, Raymond M.</marc:subfield><marc:subfield code="x">Criticism and interpretation.</marc:subfield></marc:datafield><marc:datafield tag="610" ind1="2" ind2="0"><marc:subfield code="a">Groot Begijnhof Leuven.</marc:subfield></marc:datafield><marc:datafield tag="611" ind1="2" ind2="0"><marc:subfield code="a">Congrès sur le patrimoine architectural européen</marc:subfield><marc:subfield code="d">(1975 :</marc:subfield><marc:subfield code="c">Amsterdam, Netherlands).</marc:subfield><marc:subfield code="t">Déclaration d&apos;Amsterdam.</marc:subfield><marc:subfield code="l">French.</marc:subfield></marc:datafield><marc:datafield tag="650" ind1=" " ind2="0"><marc:subfield code="a">Architecture</marc:subfield><marc:subfield code="x">Conservation and restoration</marc:subfield><marc:subfield code="x">History</marc:subfield><marc:subfield code="y">20th century.</marc:subfield><marc:subfield code="z">Belgium</marc:subfield></marc:datafield><marc:datafield tag="650" ind1=" " ind2="0"><marc:subfield code="a">Architecture</marc:subfield><marc:subfield code="x">Conservation and restoration</marc:subfield><marc:subfield code="x">History</marc:subfield><marc:subfield code="y">20th century.</marc:subfield><marc:subfield code="z">Europe</marc:subfield></marc:datafield><marc:datafield tag="650" ind1=" " ind2="0"><marc:subfield code="a">City planning</marc:subfield><marc:subfield code="z">Belgium.</marc:subfield></marc:datafield><marc:datafield tag="650" ind1=" " ind2="0"><marc:subfield code="a">Monuments</marc:subfield><marc:subfield code="x">Conservation and restoration</marc:subfield><marc:subfield code="x">History</marc:subfield><marc:subfield code="y">20th century.</marc:subfield><marc:subfield code="z">Belgium</marc:subfield></marc:datafield><marc:datafield tag="650" ind1=" " ind2="0"><marc:subfield code="a">Monuments</marc:subfield><marc:subfield code="x">Conservation and restoration</marc:subfield><marc:subfield code="x">History</marc:subfield><marc:subfield code="y">20th century.</marc:subfield><marc:subfield code="z">Europe</marc:subfield></marc:datafield><marc:datafield tag="920" ind1=" " ind2=" "><marc:subfield code="a">book</marc:subfield></marc:datafield><marc:datafield tag="SID" ind1=" " ind2=" "><marc:subfield code="a">Z39</marc:subfield><marc:subfield code="b">LOC</marc:subfield></marc:datafield></marc:record>