<marc:record><marc:leader>00647aam a2200217   4500</marc:leader><marc:controlfield tag="005">20250918232116.0</marc:controlfield><marc:controlfield tag="008">250227s2025    ne     |r    |||| ||dut||</marc:controlfield><marc:controlfield tag="001">990036750540409161</marc:controlfield><marc:datafield tag="020" ind1=" " ind2=" "><marc:subfield code="a">9789464522129</marc:subfield><marc:subfield code="q">paperback</marc:subfield></marc:datafield><marc:datafield tag="035" ind1=" " ind2=" "><marc:subfield code="a">(RUG01)003675054</marc:subfield></marc:datafield><marc:datafield tag="035" ind1=" " ind2=" "><marc:subfield code="a">9789464522129</marc:subfield></marc:datafield><marc:datafield tag="035" ind1=" " ind2=" "><marc:subfield code="a">BBA000484344</marc:subfield></marc:datafield><marc:datafield tag="040" ind1=" " ind2=" "><marc:subfield code="a">BoekenBank</marc:subfield><marc:subfield code="b">dut</marc:subfield><marc:subfield code="c">Open Vlacc</marc:subfield></marc:datafield><marc:datafield tag="100" ind1="1" ind2=" "><marc:subfield code="a">Vuyk, Beb,</marc:subfield><marc:subfield code="d">1905-1991</marc:subfield><marc:subfield code="0">(viaf)22267874</marc:subfield><marc:subfield code="g">pseudoniem van Elizabeth Vuyk</marc:subfield></marc:datafield><marc:datafield tag="245" ind1="1" ind2="0"><marc:subfield code="a">Kampdagboeken / :</marc:subfield><marc:subfield code="b">Indonesië 1942-1945 /</marc:subfield><marc:subfield code="c">Beb Vuyk.</marc:subfield></marc:datafield><marc:datafield tag="260" ind1=" " ind2=" "><marc:subfield code="a">Amsterdam :</marc:subfield><marc:subfield code="b">Cossee,</marc:subfield><marc:subfield code="c">2025.</marc:subfield></marc:datafield><marc:datafield tag="263" ind1=" " ind2=" "><marc:subfield code="a">03-07-2025</marc:subfield></marc:datafield><marc:datafield tag="300" ind1=" " ind2=" "><marc:subfield code="a">141 p.: ill.</marc:subfield></marc:datafield><marc:datafield tag="365" ind1=" " ind2=" "><marc:subfield code="b">21.99</marc:subfield><marc:subfield code="c">EUR</marc:subfield></marc:datafield><marc:datafield tag="920" ind1=" " ind2=" "><marc:subfield code="a">book</marc:subfield></marc:datafield><marc:datafield tag="SID" ind1=" " ind2=" "><marc:subfield code="a">Z39</marc:subfield><marc:subfield code="b">NOMUSIC</marc:subfield></marc:datafield></marc:record>