<marc:record><marc:leader>02633cam a22003377i 4500</marc:leader><marc:controlfield tag="005">20250918232111.0</marc:controlfield><marc:controlfield tag="008">250510t20252025enka   |rb   |001 ||eng|d</marc:controlfield><marc:controlfield tag="001">990036750500409161</marc:controlfield><marc:datafield tag="010" ind1=" " ind2=" "><marc:subfield code="a">2025421648</marc:subfield></marc:datafield><marc:datafield tag="020" ind1=" " ind2=" "><marc:subfield code="a">1350147710</marc:subfield><marc:subfield code="q">(hardcover)</marc:subfield></marc:datafield><marc:datafield tag="020" ind1=" " ind2=" "><marc:subfield code="a">9781350147713</marc:subfield><marc:subfield code="q">(hardcover)</marc:subfield></marc:datafield><marc:datafield tag="020" ind1=" " ind2=" "><marc:subfield code="a">1350147702</marc:subfield><marc:subfield code="q">(paperback)</marc:subfield></marc:datafield><marc:datafield tag="020" ind1=" " ind2=" "><marc:subfield code="a">9781350147706</marc:subfield><marc:subfield code="q">(paperback)</marc:subfield></marc:datafield><marc:datafield tag="035" ind1=" " ind2=" "><marc:subfield code="a">(RUG01)003675050</marc:subfield></marc:datafield><marc:datafield tag="035" ind1=" " ind2=" "><marc:subfield code="a">24198780</marc:subfield></marc:datafield><marc:datafield tag="035" ind1=" " ind2=" "><marc:subfield code="a">(OCoLC)1374241794</marc:subfield></marc:datafield><marc:datafield tag="040" ind1=" " ind2=" "><marc:subfield code="a">YDX</marc:subfield><marc:subfield code="b">eng</marc:subfield><marc:subfield code="c">YDX</marc:subfield><marc:subfield code="d">OCLCO</marc:subfield><marc:subfield code="d">OCLCQ</marc:subfield><marc:subfield code="d">YDX</marc:subfield><marc:subfield code="d">OCLCO</marc:subfield><marc:subfield code="d">YT1</marc:subfield><marc:subfield code="d">AUM</marc:subfield><marc:subfield code="d">IBI</marc:subfield><marc:subfield code="d">DLC</marc:subfield><marc:subfield code="e">rda</marc:subfield></marc:datafield><marc:datafield tag="042" ind1=" " ind2=" "><marc:subfield code="a">lccopycat</marc:subfield></marc:datafield><marc:datafield tag="050" ind1="0" ind2="0"><marc:subfield code="a">NA2500</marc:subfield><marc:subfield code="b">.M33 2025</marc:subfield></marc:datafield><marc:datafield tag="082" ind1="0" ind2="4"><marc:subfield code="a">720.1</marc:subfield><marc:subfield code="2">23</marc:subfield></marc:datafield><marc:datafield tag="100" ind1="1" ind2=" "><marc:subfield code="a">Macarthur, John,</marc:subfield><marc:subfield code="d">1958-</marc:subfield><marc:subfield code="0">(viaf)</marc:subfield><marc:subfield code="4">aut</marc:subfield></marc:datafield><marc:datafield tag="245" ind1="1" ind2="0"><marc:subfield code="a">Is architecture art? :</marc:subfield><marc:subfield code="b">an introduction to the aesthetics of architecture /</marc:subfield><marc:subfield code="c">John MacArthur.</marc:subfield></marc:datafield><marc:datafield tag="264" ind1=" " ind2="1"><marc:subfield code="a">London ;</marc:subfield><marc:subfield code="a">New York :</marc:subfield><marc:subfield code="b">Bloomsbury Visual Arts,</marc:subfield><marc:subfield code="c">2025.</marc:subfield></marc:datafield><marc:datafield tag="264" ind1=" " ind2="4"><marc:subfield code="c">©2025</marc:subfield></marc:datafield><marc:datafield tag="300" ind1=" " ind2=" "><marc:subfield code="a">Xii, 225 pages :</marc:subfield><marc:subfield code="b">illustrations ;</marc:subfield><marc:subfield code="c">24 cm.</marc:subfield></marc:datafield><marc:datafield tag="504" ind1=" " ind2=" "><marc:subfield code="a">Includes bibliographical references and index.</marc:subfield></marc:datafield><marc:datafield tag="505" ind1="0" ind2=" "><marc:subfield code="a">1. Is Architecture (An) Art? -- 2. Sensing Space -- 3. Discipline, Medium -- 4. The Work of Architecture -- 5. Values -- 6. Freedom and Utility</marc:subfield></marc:datafield><marc:datafield tag="520" ind1=" " ind2=" "><marc:subfield code="a">Is architecture an art, like literature or music? Or is it more akin to science or engineering? Can buildings be artworks, just like paintings and sculptures, or does their fundamentally functional nature mean they cannot be considered pure works of art? Questions of architecture, art, and aesthetics do not allow for simple answers. But by asking such questions, we can usefully reveal the ways in which the concepts and meanings of architecture have changed over the centuries, and how they continue to change in the contemporary era. Is Architecture Art? explores the key conceptual questions about the aesthetic appreciation of architecture and its persistently contested status as an artform. It engages the work of thinkers ranging from Hume and Kant to Adorno, Tafuri, and Rancière, and draws on accessible and thought-provoking accounts of historical and contemporary architectural and art theory. Taking novel approaches to issues that will be familiar to the practising architect, it shows how aesthetics and art theory can open up and illuminate architectural theory, issue by issue. Is Architecture Art? will provoke discussion and debate among architects and architectural theorists, and force a new understanding of the purpose of architectural practice in the contemporary era as the concepts of &apos;art&apos;, &apos;the arts&apos;, and of the creative economy have shifted and blurred as never before.</marc:subfield></marc:datafield><marc:datafield tag="650" ind1=" " ind2="0"><marc:subfield code="a">Architecture</marc:subfield><marc:subfield code="x">Aesthetics.</marc:subfield></marc:datafield><marc:datafield tag="920" ind1=" " ind2=" "><marc:subfield code="a">book</marc:subfield></marc:datafield><marc:datafield tag="SID" ind1=" " ind2=" "><marc:subfield code="a">Z39</marc:subfield><marc:subfield code="b">LOC</marc:subfield></marc:datafield></marc:record>