<marc:record><marc:leader>01728nam a2200313 a 4500</marc:leader><marc:controlfield tag="005">20250918232117.0</marc:controlfield><marc:controlfield tag="008">250716s2004    be |||||r|||||||| ||fre|d</marc:controlfield><marc:controlfield tag="001">990036750440409161</marc:controlfield><marc:datafield tag="035" ind1=" " ind2=" "><marc:subfield code="a">(RUG01)003675044</marc:subfield></marc:datafield><marc:datafield tag="040" ind1=" " ind2=" "><marc:subfield code="a">BE-GnUNI</marc:subfield></marc:datafield><marc:datafield tag="041" ind1="0" ind2=" "><marc:subfield code="a">fre</marc:subfield><marc:subfield code="b">fre</marc:subfield><marc:subfield code="b">eng</marc:subfield></marc:datafield><marc:datafield tag="050" ind1=" " ind2="4"><marc:subfield code="a">N5310</marc:subfield><marc:subfield code="b">.A685 2004</marc:subfield></marc:datafield><marc:datafield tag="245" ind1="0" ind2="2"><marc:subfield code="a">L&apos;art du Paléolithique supérieur :</marc:subfield><marc:subfield code="b">actes du XIVème Congrès UISPP, Université de Liège, Belgique, 2-8 septembre 2001, Section 8 : Art du Paléolithique supérieure et du Mésolithique.</marc:subfield></marc:datafield><marc:datafield tag="246" ind1="2" ind2=" "><marc:subfield code="a">L&apos;art du Paléolithique supérieur :</marc:subfield><marc:subfield code="b">acts of the XIVth UISPP Congress, University of Liège, Belgium, 2-8 September, 2001, Section 8 : Upper Palaeolithic and Mesolithic art</marc:subfield></marc:datafield><marc:datafield tag="260" ind1=" " ind2=" "><marc:subfield code="a">Liège :</marc:subfield><marc:subfield code="b">Université de Liège. Service de préhistoire,</marc:subfield><marc:subfield code="c">2004.</marc:subfield></marc:datafield><marc:datafield tag="300" ind1=" " ind2=" "><marc:subfield code="a">277 p.: ill.</marc:subfield></marc:datafield><marc:datafield tag="490" ind1="0" ind2=" "><marc:subfield code="a">ÉRAUL : études et recherches archéologiques de l&apos;Université de Liège ;</marc:subfield><marc:subfield code="v">107</marc:subfield></marc:datafield><marc:datafield tag="505" ind1="0" ind2=" "><marc:subfield code="a">Colloque/Symposium C8.2, L&apos;art pariétal paléolithique dans son contexte naturel / sous la direction de Marylise Lejeune</marc:subfield></marc:datafield><marc:datafield tag="505" ind1="0" ind2=" "><marc:subfield code="a">Colloque/Symposium C8.3, Art mobilier paléolithique supérieur en Europe ocicidental / sous la direction de Anne-Catherine Welté et Edmée Ladier</marc:subfield></marc:datafield><marc:datafield tag="546" ind1=" " ind2=" "><marc:subfield code="a">Bijdragen in Frans met voorwoord in Frans en Engels en samenvattingen in het Engels</marc:subfield></marc:datafield><marc:datafield tag="650" ind1=" " ind2="0"><marc:subfield code="a">Art, Prehistoric</marc:subfield><marc:subfield code="v">Congresses.</marc:subfield></marc:datafield><marc:datafield tag="650" ind1=" " ind2="0"><marc:subfield code="a">Art, Prehistoric</marc:subfield><marc:subfield code="z">Europe</marc:subfield><marc:subfield code="v">Congresses.</marc:subfield></marc:datafield><marc:datafield tag="650" ind1=" " ind2="0"><marc:subfield code="a">Paleolithic period</marc:subfield><marc:subfield code="v">Congresses.</marc:subfield></marc:datafield><marc:datafield tag="650" ind1=" " ind2="0"><marc:subfield code="a">Paleolithic period</marc:subfield><marc:subfield code="z">Europe</marc:subfield><marc:subfield code="v">Congresses.</marc:subfield></marc:datafield><marc:datafield tag="651" ind1=" " ind2="0"><marc:subfield code="a">Europe</marc:subfield><marc:subfield code="x">Antiquities</marc:subfield><marc:subfield code="v">Congresses.</marc:subfield></marc:datafield><marc:datafield tag="700" ind1="1" ind2=" "><marc:subfield code="a">Lejeune, Marylise,</marc:subfield><marc:subfield code="d">....-</marc:subfield><marc:subfield code="0">(viaf)29589098</marc:subfield></marc:datafield><marc:datafield tag="700" ind1="1" ind2=" "><marc:subfield code="a">Welté, Anne-Catherine,</marc:subfield><marc:subfield code="d">1945-2017</marc:subfield><marc:subfield code="0">(viaf)34557498</marc:subfield></marc:datafield><marc:datafield tag="700" ind1="1" ind2=" "><marc:subfield code="a">Ladier, Edmée,</marc:subfield><marc:subfield code="d">....-</marc:subfield><marc:subfield code="0">(viaf)167074731</marc:subfield></marc:datafield><marc:datafield tag="920" ind1=" " ind2=" "><marc:subfield code="a">book</marc:subfield></marc:datafield></marc:record>