<marc:record><marc:leader>01807cam a22002898i 4500</marc:leader><marc:controlfield tag="005">20250918232113.0</marc:controlfield><marc:controlfield tag="008">240923t20252025nyu    |rb   |001 ||eng||</marc:controlfield><marc:controlfield tag="001">990036750380409161</marc:controlfield><marc:datafield tag="010" ind1=" " ind2=" "><marc:subfield code="a">2024044068</marc:subfield></marc:datafield><marc:datafield tag="020" ind1=" " ind2=" "><marc:subfield code="a">9781032408569</marc:subfield><marc:subfield code="q">(pbk)</marc:subfield></marc:datafield><marc:datafield tag="035" ind1=" " ind2=" "><marc:subfield code="a">(RUG01)003675038</marc:subfield></marc:datafield><marc:datafield tag="035" ind1=" " ind2=" "><marc:subfield code="a">23872776</marc:subfield></marc:datafield><marc:datafield tag="040" ind1=" " ind2=" "><marc:subfield code="a">DLC</marc:subfield><marc:subfield code="b">eng</marc:subfield><marc:subfield code="c">DLC</marc:subfield><marc:subfield code="e">rda</marc:subfield></marc:datafield><marc:datafield tag="042" ind1=" " ind2=" "><marc:subfield code="a">pcc</marc:subfield></marc:datafield><marc:datafield tag="100" ind1="1" ind2=" "><marc:subfield code="a">Loewen, Shawn,</marc:subfield><marc:subfield code="d">1966-</marc:subfield><marc:subfield code="0">(viaf)76065764</marc:subfield><marc:subfield code="4">aut</marc:subfield></marc:datafield><marc:datafield tag="245" ind1="1" ind2="0"><marc:subfield code="a">Introduction to instructed second language acquisition /</marc:subfield><marc:subfield code="c">Shawn Loewen.</marc:subfield></marc:datafield><marc:datafield tag="250" ind1=" " ind2=" "><marc:subfield code="a">Third edition.</marc:subfield></marc:datafield><marc:datafield tag="260" ind1=" " ind2=" "><marc:subfield code="a">New York, NY :</marc:subfield><marc:subfield code="b">Routledge,</marc:subfield><marc:subfield code="c">2025.</marc:subfield></marc:datafield><marc:datafield tag="263" ind1=" " ind2=" "><marc:subfield code="a">2503</marc:subfield></marc:datafield><marc:datafield tag="264" ind1=" " ind2="1"><marc:subfield code="a">New York, NY :</marc:subfield><marc:subfield code="b">Routledge,</marc:subfield><marc:subfield code="c">2025.</marc:subfield></marc:datafield><marc:datafield tag="264" ind1=" " ind2="4"><marc:subfield code="c">©2025</marc:subfield></marc:datafield><marc:datafield tag="300" ind1=" " ind2=" "><marc:subfield code="a">Vi, 299 p.</marc:subfield></marc:datafield><marc:datafield tag="504" ind1=" " ind2=" "><marc:subfield code="a">Includes bibliographical references and index.</marc:subfield></marc:datafield><marc:datafield tag="520" ind1=" " ind2=" "><marc:subfield code="a">&quot;Now in its third edition, Introduction to Instructed Second Language Acquisition continues to present a structured, comprehensive introduction to ISLA&apos;s theoretical, empirical, and pedagogical themes, as well as a range of key issues in research and practice. Designed for ease of teaching, the text includes separate sections for empirical evidence and pedagogical implications in order to demonstrate how research findings can successfully be implemented in the classroom. Activities and discussion questions, as well as points for reflection, facilitate discursive learning and critical thinking. This third edition has been thoroughly updated to reflect the latest developments in the field, along with new chapters on psychological, cognitive, and social individual differences, respectively. This is an essential core text for courses on ISLA, and recommended reading for classes in Language Acquisition more broadly&quot;--</marc:subfield><marc:subfield code="c">Provided by publisher.</marc:subfield></marc:datafield><marc:datafield tag="650" ind1=" " ind2="0"><marc:subfield code="a">Second language acquisition</marc:subfield><marc:subfield code="x">Study and teaching.</marc:subfield></marc:datafield><marc:datafield tag="920" ind1=" " ind2=" "><marc:subfield code="a">book</marc:subfield></marc:datafield><marc:datafield tag="SID" ind1=" " ind2=" "><marc:subfield code="a">Z39</marc:subfield><marc:subfield code="b">LOC</marc:subfield></marc:datafield></marc:record>